,linux time (ms),uptime  (ms),drive mode ,mpc step counter,mpc origin latitude  (deg),mpc origin longitude  (deg),closest trajectory point index to robot  ,"mpc error x (W,E)  (m)","mpc error y (W,E)  (m)",abs mpc error (m),"input ""x"" for mhe (m)","input ""y"" for mhe (m)","input ""speed"" for mhe (m/s)","input ""vyaw"" for mhe (rad/s)",mhe output x  (m),mhe output y  (m),mhe output speed  (m/s),mhe output yaw  (rad),mpc reference heading (rad),mpc turn rate command (rad/s),turn rate command as PWM,throttle command as PWM ,primary gps latitude (deg),primary gps longitude (deg),secondary gps latitude  (deg),secondary gps longitude (deg),accelerometer x (m/s^2),accelerometer y (m/s^2),accelerometer z (m/s^2),gyro yaw rate (rad/s),gyro pitch rate   (rad/s),gyro roll rate (rad/s),yaw (rad),pitch   (rad),roll (rad),sonar1 measurement (m),ultrasonic sensor measurement (m),primary gps time (s),normalized turn rate command,normalized throttle command ,speed calculation from encoder left (m/s),speed calculation from encoder right (m/s),front gimbal target angle (degrees from straight down),left gimbal target angle  (degrees from straight down),right gimbal target angle  (degrees from straight down) ,front gimbal measured angle  (degrees from straight down),left gimbal measured angle    (degrees from straight down),right gimbal measured angle  (degrees from straight down),internal temperature (C),battery voltage (V),primary gps type,secondary gps type,MPC R value,MPC Q[0] value,weed_num,start
0,1527886326091,1094091, RC,0,40.0483048792,-88.2326839842,0,1.366139625,22.1443626728,22.186462892,1.5350917818,19.7687121972,0.0001,0.0233874126,1.5288778823,19.7692920161,0.0073531619,2.1352613184,0,0,1500,1500,40.0484826635,-88.2327011447,40.048485,-88.2327005,-0.1961330026,-0.1961330026,-10.1989154816,0.0244346091,-0.0031415928,-0.0127409039,0,0,0,0,0,205141,0.0,0.0,0.0,0.0,90,45,45,0,0,0,42.7559967041,16.7000007629,0,2,10,1,245,19
1,1527886326292,1094292, RC,0,40.0483048792,-88.2326839842,0,1.3676251226,22.1440598724,22.1862521871,1.5355630135,19.7688048594,0.0001,0.0233874126,1.5303633799,19.7689892157,0.0035375036,2.139487299,0,0,1500,1500,40.0484826643,-88.2327011443,40.048485,-88.2327005,-0.2941994965,-0.0980665013,-10.1008491516,0.0233874126,-0.0031415928,-0.0106465087,0,0,0,0,0,205141,0.0,0.0,0.0,0.0,90,45,45,0,0,0,42.7559967041,16.7000007629,0,2,10,1,265,28
2,1527886326497,1094497, RC,0,40.0483048792,-88.2326839842,0,1.3685285688,22.1436544711,22.1859032671,1.5381901993,19.76732226,0.0001,0.0244346091,1.5312668261,19.7685838144,0.0012784068,2.1437169291,0,0,1500,1500,40.048482651,-88.2327011693,40.0484851667,-88.2327006667,-0.1961330026,-0.2941994965,-10.1989154816,0.0244346091,-0.0041887901,-0.0127409039,0,0,0,0,0,205141,0.0,0.0,0.0,0.0,90,45,45,0,0,0,42.7559967041,16.7000007629,0,2,10,1,271,37
3,1527886326700,1094700, RC,0,40.0483048792,-88.2326839842,0,1.3690393252,22.1436140158,22.1858944006,1.5391566323,19.7667477531,0.0001,0.0233874126,1.5317775825,19.7685433591,0.0003845244,2.1481384296,0,0,1500,1553,40.0484826458,-88.2327011748,40.0484851667,-88.2327006667,-0.1961330026,-0.0980665013,-10.1989154816,0.0233874126,-0.0041887901,-0.0127409039,0,0,0,0,0,205141,0.0,0.1069760323,0.0,0.0,90,45,45,0,0,0,42.2180023193,16.7000007629,0,2,10,1,270,45
4,1527886326900,1094900, RC,0,40.0483048792,-88.2326839842,0,1.3698485028,22.1433680745,22.1856988757,1.5395483754,19.7650983612,0.0626295209,0.0233874126,1.5325867601,19.7682974178,0.0009894862,2.152371583,0,0,1500,1553,40.048482631,-88.2327011733,40.0484851667,-88.2327006667,-0.2941994965,-0.2941994965,-10.1989154816,0.0233874126,-0.0064577183,-0.0116937063,0,0,0,0,0,205141,0.0,0.1069760323,0.0634572282,0.061801821,90,45,45,0,0,0,42.7559967041,16.7000007629,0,2,10,1,269,54
5,1527886327101,1095101, RC,0,40.0483048792,-88.2326839842,0,1.3698485028,22.1433680745,22.1856988757,1.5418459758,19.7653763491,0.1169820204,0.0233874126,1.5325867601,19.7682974178,0.0009894862,2.152371583,0,0,1500,1565,40.0484826335,-88.2327011945,40.0484851667,-88.2327006667,-0.1961330026,-0.3922660053,-10.1008491516,0.0233874126,-0.0031415928,-0.0116937063,0,0,0,0,0,205142,0.0,0.1316629648,0.1213964373,0.1125676036,90,45,45,0,0,0,42.7559967041,16.7000007629,0,2,10,1,267,63
6,1527886327302,1095302, RC,0,40.0483048792,-88.2326839842,0,1.3732853905,22.1432363453,22.1857798738,1.5701603728,19.7694905617,0.1513776779,0.0467748251,1.5360236478,19.7681656886,0.0170545278,2.1608123863,0,0,1500,1565,40.0484826705,-88.2327015213,40.0484851667,-88.2327006667,0.0,-0.7845320106,-10.0027828217,0.0233874126,-0.0914552488,0.0830776764,0,0,0,0,0,205142,0.0,0.1316629648,0.151009813,0.1517455429,90,45,45,0,0,0,42.7559967041,16.7000007629,0,2,10,1,279,72
7,1527886327502,1095502, RC,0,40.0483048792,-88.2326839842,0,1.3783158737,22.1435573761,22.1864122363,1.6115365717,19.7699724058,0.1462275237,-0.0064577183,1.541054131,19.7684867194,0.0261230784,2.1691766144,0,0,1500,1565,40.0484826748,-88.2327020017,40.048485,-88.2327006667,0.6864655018,0.3922660053,-10.0027828217,0.0628318514,0.0628318514,0.0478220217,0,0,0,0,0,205142,0.0,0.1316629648,0.1471471936,0.1453078538,90,45,45,0,0,0,42.7559967041,16.7000007629,0,2,10,1,282,81
8,1527886327703,1095703, RC,0,40.0483048792,-88.2326839842,0,1.3841260464,22.1442218528,22.1874371296,1.6232603237,19.776662634,0.157999292,-0.0649262487,1.5468643037,19.7691511961,0.0359404329,2.1677675285,0,0,1490,1565,40.048482735,-88.232702128,40.048485,-88.2327006667,-1.2748644352,-0.2941994965,-8.9240512848,-0.0298451309,0.0521853448,0.1171115935,0,0,0,0,0,205142,-0.0199760199,0.1316629648,0.1506419331,0.1653566509,90,45,45,0,0,0,42.7559967041,16.6000003815,0,2,10,1,273,89
9,1527886327904,1095904, RC,0,40.0483048792,-88.2326839842,0,1.3916767511,22.1450874344,22.1887733248,1.6518819479,19.7791274555,0.1595627367,-0.0095993111,1.5544150084,19.7700167777,0.0458147162,2.1555460188,0,0,1500,1565,40.0484827572,-88.2327024662,40.048485,-88.2327006667,0.588398993,-1.2748644352,-14.2196426392,0.0511381482,-0.1467821874,0.069115039,0,0,0,0,0,205142,0.0,0.1316629648,0.1478829235,0.17124255,90,45,45,0,0,0,42.7559967041,16.6000003815,0,2,10,1,241,98
10,1527886328105,1096105, RC,0,40.0483048792,-88.2326839842,0,1.3916767511,22.1450874344,22.1887733248,1.677770313,19.7858362162,0.171426475,-0.0244346091,1.5544150084,19.7700167777,0.0458147162,2.1555460188,0,0,1500,1565,40.0484828175,-88.232702787,40.048485,-88.2327006667,0.0,-0.6864655018,-9.9047164917,-0.0244346091,-0.0254818077,-0.005235988,0,0,0,0,0,205143,0.0,0.1316629648,0.1662763208,0.1765766293,90,45,45,0,0,0,42.7559967041,16.6000003815,0,2,10,1,259,107
11,1527886328305,1096305, RC,0,40.0483048792,-88.2326839842,0,1.4121115453,22.1477849452,22.1927564082,1.7122453654,19.7905805321,0.170874685,-0.0031415928,1.5748498026,19.7727142885,0.0671612097,2.1473075193,0,0,1500,1565,40.0484828602,-88.2327031955,40.048485,-88.2327006667,0.490332514,0.3922660053,-10.5911827087,0.0383972444,0.1308996939,-0.101054563,0,0,0,0,0,205143,0.0,0.1316629648,0.1697710752,0.1719782799,90,45,45,0,0,0,42.7559967041,16.6000003815,0,2,10,1,260,116
12,1527886328506,1096506, RC,0,40.0483048792,-88.2326839842,0,1.424418205,22.1494076408,22.195162222,1.7290553513,19.7918036769,0.1652646959,-0.0734783622,1.5871564623,19.7743369841,0.077610671,2.1449013773,0,0,1500,1565,40.0484828712,-88.2327034008,40.0484851667,-88.2327006667,-0.1961330026,-1.0787315369,-10.5911827087,0.0659734452,0.1213003797,0.0745255587,0,0,0,0,0,205143,0.0,0.1316629648,0.1614940464,0.1690353453,90,45,45,0,0,0,42.7559967041,16.6000003815,0,2,10,1,265,125
13,1527886328707,1096707, RC,0,40.0483048792,-88.2326839842,0,1.4390433579,22.1499633951,22.1966602035,1.767885292,19.7762549195,0.1633333862,-0.0202458187,1.6017816152,19.7748927384,0.0876417382,2.129100802,0,0,1500,1565,40.0484827313,-88.2327038603,40.0484851667,-88.2327006667,0.588398993,-0.8825985193,-10.2969818115,0.0041887901,-0.0041887901,-0.1989675281,0,0,0,0,0,205143,0.0,0.1316629648,0.1642530411,0.1624137163,90,45,45,0,0,0,42.7559967041,16.7000007629,0,2,10,1,274,134
14,1527886328908,1096908, RC,0,40.0483048792,-88.2326839842,0,1.4557071114,22.1504522967,22.1982346177,1.8013573698,19.7748835148,0.1588270068,0.0542797379,1.6184453687,19.77538164,0.0973527224,2.1221793846,0,0,1500,1565,40.048482719,-88.2327042755,40.0484851667,-88.2327006667,2.3535959721,0.490332514,-12.2583122253,0.0308923274,-0.0787143533,0.0925024537,0,0,0,0,0,205143,0.0,0.1316629648,0.1568956822,0.1607583165,90,45,45,0,0,0,42.7559967041,16.7000007629,0,2,10,1,282,142
15,1527886329109,1097109, RC,0,40.0483048792,-88.2326839842,0,1.4731618219,22.1514369452,22.2003685665,1.8136847561,19.783445525,0.1598386467,-0.0223402139,1.6359000792,19.7763662885,0.1072621464,2.1279567841,0,0,1464,1565,40.048482796,-88.23270443,40.0484851667,-88.2327006667,0.2941994965,0.6864655018,-10.8853816986,-0.0766199518,0.0181514236,0.0020943951,0,0,0,0,0,205144,-0.071344018,0.1316629648,0.1622297764,0.157447502,90,45,45,0,0,0,42.7559967041,16.7000007629,0,2,10,1,277,151
16,1527886329309,1097309, RC,0,40.0483048792,-88.2326839842,0,1.4931627935,22.1524019801,22.2026676013,1.8562798381,19.78199999,0.1633333862,0.0277507357,1.6559010508,19.7773313234,0.1174373097,2.1189758572,0,0,1464,1565,40.048482783,-88.2327049223,40.0484851667,-88.2327006667,-0.3922660053,-0.9806650281,-9.8066501617,0.0383972444,0.0766199518,0.0319395261,0,0,0,0,0,205144,-0.071344018,0.1316629648,0.1241554469,0.2025113255,90,45,45,0,0,0,42.7559967041,16.7000007629,0,2,10,1,263,160
17,1527886329510,1097510, RC,0,40.0483048792,-88.2326839842,0,1.5149131146,22.1538499024,22.2055854965,1.8847179095,19.789728038,0.1625976413,-0.0904080523,1.6776513719,19.7787792457,0.1279004125,2.1181049801,0,0,1500,1565,40.0484828525,-88.232705269,40.0484851667,-88.232701,-1.0787315369,-0.3922660053,-6.7665886879,-0.1659808159,0.1820378463,-0.1617920296,0,0,0,0,0,205144,0.0,0.1316629648,0.110176459,0.2150188237,90,45,45,0,0,0,42.7559967041,16.7000007629,0,2,10,1,276,169
18,1527886329711,1097711, RC,0,40.0483048792,-88.2326839842,0,1.5387447268,22.1555759432,22.2089459613,1.9206053357,19.7926005732,0.1617699414,-0.0394444409,1.7014829841,19.7805052865,0.1386120264,2.0948553824,0,0,1500,1565,40.0484828783,-88.2327056918,40.0484851667,-88.232701,0.8825985193,-0.8825985193,-10.9834480286,-0.0925024537,-0.005235988,0.1256637028,0,0,0,0,0,205144,0.0,0.1316629648,0.1357432753,0.1877966076,90,45,45,0,0,0,42.7559967041,16.6000003815,0,2,10,1,284,178
19,1527886329912,1097912, RC,0,40.0483048792,-88.2326839842,0,1.5639334992,22.1578259077,22.2129497579,1.942959325,19.800680738,0.1453998089,-0.0394444409,1.7266717565,19.782755251,0.1476791912,2.0798471453,0,0,1500,1565,40.048482951,-88.2327059873,40.0484851667,-88.232701,1.0787315369,0.0980665013,-11.0815143585,0.1075122793,-0.1394518032,0.0584685283,0,0,0,0,0,205144,0.0,0.1316629648,0.1476989985,0.1431006342,90,45,45,0,0,0,42.7559967041,16.6000003815,0,2,10,1,255,187
20,1527886330112,1098112, RC,0,40.0483048792,-88.2326839842,0,1.5639334992,22.1578259077,22.2129497579,1.942959325,19.800680738,0.1534929276,-0.0394444409,1.7266717565,19.782755251,0.1476791912,2.0798471453,0,0,1500,1565,40.048482951,-88.2327059873,40.0484851667,-88.232701,0.1961330026,-2.2555296421,-8.6298522949,0.1150172004,-0.0106465087,-0.0191986222,0,0,0,0,0,205144,0.0,0.1316629648,0.1649888009,0.1419970542,90,45,45,0,0,0,42.2180023193,16.6000003815,0,2,10,1,246,196
21,1527886330313,1098313, RC,0,40.0483048792,-88.2326839842,0,1.618753576,22.1625866722,22.2216248538,1.9975404045,19.8042760407,0.1550563574,0.0500909475,1.7814918333,19.7875160155,0.1589541664,2.0744196612,0,0,1478,1578,40.0484829833,-88.2327066727,40.0484851667,-88.232701,0.7845320106,-1.3729310036,-10.7873153687,0.0584685283,-0.2000147329,-0.0776671484,0,0,0,0,0,205145,-0.0435929894,0.1563489437,0.1570796221,0.1530330777,90,45,45,0,0,0,41.6790008545,16.6000003815,0,2,10,1,213,205
22,1527886330514,1098514, RC,0,40.0483048792,-88.2326839842,0,1.6477990508,22.1640401442,22.225209048,2.0346529498,19.7923596512,0.1798874438,0.0361283144,1.8105373081,19.7889694875,0.1598761125,2.0741196913,0,0,1478,1578,40.0484828762,-88.2327070938,40.0484853333,-88.2327025,-0.1961330026,-0.0980665013,-10.4931163788,0.0127409039,-0.005235988,-0.1586504317,0,0,0,0,0,205145,-0.0435929894,0.1563489437,0.1489865333,0.2107883543,90,45,45,0,0,0,42.7559967041,16.6000003815,0,2,10,1,205,214
23,1527886330714,1098714, RC,0,40.0483048792,-88.2326839842,0,1.6753933744,22.1650220646,22.2282510801,2.0530304276,19.7849651888,0.1963495314,-0.1127482703,1.8381316317,19.7899514079,0.1624847032,2.0711542672,0,0,1500,1578,40.0484828097,-88.2327073102,40.0484853333,-88.2327025,-1.3729310036,-1.0787315369,-8.9240512848,0.1031489561,-0.0467748251,-0.1054178862,0,0,0,0,0,205145,0.0,0.1563489437,0.1659084558,0.226790607,90,45,45,0,0,0,42.7559967041,16.6000003815,0,2,10,1,154,224
24,1527886330915,1098915, RC,0,40.0483048792,-88.2326839842,0,1.7052664607,22.1662808365,22.2317777027,2.1011280276,19.7961588116,0.1964415014,-0.1085594758,1.868004718,19.7912101798,0.1646488905,2.0409134986,0,0,1500,1578,40.0484829103,-88.2327078795,40.0484853333,-88.2327025,-0.6864655018,-0.3922660053,-10.4931163788,0.0734783622,-0.0467748251,-0.0797615498,0,0,0,0,0,205145,0.0,0.1563489437,0.1751051545,0.2177778482,90,45,45,0,0,0,42.7559967041,16.6000003815,0,2,10,1,144,233
25,1527886331116,1099116, RC,0,40.0483048792,-88.2326839842,0,1.7052664607,22.1662808365,22.2317777027,2.1011280276,19.7961588116,0.2026952505,-0.1085594758,1.868004718,19.7912101798,0.1646488905,2.0409134986,0,0,1500,1578,40.0484829103,-88.2327078795,40.0484853333,-88.2327025,0.490332514,-0.490332514,-11.8660469055,0.1340412836,0.0851720695,-0.1192059866,0,0,0,0,0,205145,0.0,0.1563489437,0.2025113255,0.2028791904,90,45,45,0,0,0,43.2939987183,16.6000003815,0,2,10,1,118,242
26,1527886331316,1099316, RC,0,40.0483048792,-88.2326839842,0,1.7638799738,22.1657393766,22.2358106367,2.143300756,19.7725113562,0.1949700117,-0.1638864228,1.9266182311,19.7906687199,0.1690819653,2.042793557,0,0,1438,1578,40.0484826977,-88.2327084628,40.0484853333,-88.2327025,-0.3922660053,-0.3922660053,-10.0027828217,0.0724311656,0.1692969341,0.017104227,0,0,0,0,0,205146,-0.1227110028,0.1563489437,0.178967759,0.2109722793,90,45,45,0,0,0,43.2939987183,16.6000003815,0,2,10,1,105,251
27,1527886331517,1099517, RC,0,40.0483048792,-88.2326839842,0,1.7940173948,22.1655988914,22.238081586,2.194157832,19.7879674514,0.1977290362,0.2256710776,1.9567556521,19.7905282347,0.1699178665,2.0026805954,0,0,1500,1578,40.0484828367,-88.2327090137,40.0484838333,-88.232704,0.7845320106,-0.6864655018,-8.1395196915,-0.4002040028,-0.0607374583,0.1137954669,0,0,0,0,0,205146,0.0,0.1563489437,0.0831381604,0.3123199046,90,45,45,0,0,0,42.7559967041,16.6000003815,0,2,10,1,151,260
28,1527886331718,1099718, RC,0,40.0483048792,-88.2326839842,0,1.8249399935,22.1657289711,22.2407272094,2.22360809,19.793397471,0.1875206977,-0.0734783622,1.9876782508,19.7906583144,0.1714024675,2.0330108793,0,0,1500,1578,40.0484828855,-88.232709419,40.0484838333,-88.232704,-1.6671304703,1.5690640211,-6.9627213478,-0.2638937809,0.101054563,0.23404865,0,0,0,0,0,205146,0.0,0.1563489437,0.1316967309,0.2433446646,90,45,45,0,0,0,42.7559967041,16.5,0,2,10,1,134,269
29,1527886331918,1099918, RC,0,40.0483048792,-88.2326839842,0,1.856448676,22.1677827651,22.2453814175,2.2719261997,19.80851998,0.2027872205,0.0872664626,2.0191869333,19.7927121084,0.1735029492,2.00863894,0,0,1500,1578,40.0484830215,-88.2327099417,40.0484838333,-88.232704,0.0980665013,0.1961330026,-9.2182512283,-0.1160643969,0.0158824967,-0.0680678425,0,0,0,0,0,205146,0.0,0.1563489437,0.1804392487,0.2251352072,90,45,45,0,0,0,42.7559967041,16.5,0,2,10,1,128,278
30,1527886332119,1100119, RC,0,40.0483048792,-88.2326839842,0,1.8872400685,22.1695242527,22.2497074288,2.2939075404,19.8020892071,0.1998442709,-0.0766199518,2.0499783258,19.794453596,0.1758333981,2.0130841624,0,0,1517,1578,40.0484829637,-88.232710236,40.0484838333,-88.232704,0.8825985193,-1.0787315369,-9.7085838318,0.1054178862,-0.0085521135,-0.1404990081,0,0,0,0,0,205147,0.0342450142,0.1563489437,0.2001201808,0.1995683759,90,45,45,0,0,0,42.7559967041,16.5,0,2,10,1,146,287
31,1527886332320,1100320, RC,0,40.0483048792,-88.2326839842,0,1.920009396,22.170007008,22.2529918621,2.337853331,19.7905434676,0.1943262666,0.1085594758,2.0827476533,19.7949363513,0.1779581238,1.9874696251,0,0,1517,1578,40.0484828598,-88.2327107457,40.0484838333,-88.232704,0.1961330026,-0.0980665013,-9.0221185684,-0.0436332313,0.1085594758,-0.0404916375,0,0,0,0,0,205147,0.0342450142,0.1563489437,0.2163063735,0.1723461598,90,45,45,0,0,0,42.7559967041,16.5,0,2,10,1,175,296
32,1527886332521,1100521, RC,0,40.0483048792,-88.2326839842,0,1.9518299539,22.169919723,22.2556730002,2.3651936519,19.7800911443,0.191843152,-0.0308923274,2.1145682112,19.7948490663,0.1795759085,1.9951882178,0,0,1551,1578,40.0484827658,-88.2327111052,40.0484855,-88.2327023333,-0.588398993,-0.1961330026,-8.4337186813,0.0511381482,-0.0937241788,-0.2160717634,0,0,0,0,0,205147,0.1027350426,0.1563489437,0.2391141802,0.144572109,90,45,45,0,0,0,42.7559967041,16.5,0,2,10,1,108,306
33,1527886332721,1100721, RC,0,40.0483048792,-88.2326839842,0,1.9837494777,22.168829338,22.2574090183,2.3952627192,19.7717144605,0.1880725026,0.0914552488,2.146487735,19.7937586813,0.1814739684,1.9773330258,0,0,1500,1578,40.0484826905,-88.2327114468,40.0484855,-88.2327023333,0.1961330026,-0.8825985193,-8.4337186813,0.0617846549,-0.0553269386,-0.0158824967,0,0,0,0,0,205147,0.0,0.1563489437,0.2735098302,0.1026351675,90,45,45,0,0,0,42.7559967041,16.6000003815,0,2,10,1,161,315
34,1527886332924,1100924, RC,0,40.0483048792,-88.2326839842,0,2.0177721027,22.1672712899,22.2589155329,2.4646324095,19.7674705199,0.1897279024,0.0563741352,2.18051036,19.7922006332,0.181719219,1.9810825981,0,0,1500,1578,40.0484826523,-88.2327122887,40.0484855,-88.2327023333,-0.0980665013,0.9806650281,-8.9240512848,-0.0680678425,0.2129301654,-0.1384046067,0,0,0,0,0,205147,0.0,0.1563489437,0.2313889563,0.1480668634,90,45,45,0,0,0,42.2180023193,16.6000003815,0,2,10,1,156,324
35,1527886333125,1101125, RC,0,40.0483048792,-88.2326839842,0,2.0516087256,22.1648124091,22.2595599124,2.4842519565,19.7606505651,0.1903716922,-0.0872664626,2.2143469829,19.7897417524,0.1842350883,1.9780739207,0,0,1500,1578,40.048482591,-88.2327125135,40.0484855,-88.2327023333,-0.490332514,-0.490332514,-10.0027828217,0.2883284004,-0.0041887901,-0.0319395261,0,0,0,0,0,205148,0.0,0.1563489437,0.2039828002,0.1767605692,90,45,45,0,0,0,43.2939987183,16.6000003815,0,2,10,1,171,333
36,1527886333326,1101326, RC,0,40.0483048792,-88.2326839842,0,2.086430184,22.1620255156,22.2600216951,2.5184808562,19.7543680514,0.1878885627,0.0041887901,2.2491684413,19.7869548589,0.1863016283,1.9487832164,0,0,1500,1578,40.0484825345,-88.2327129202,40.0484855,-88.2327023333,0.2941994965,-0.3922660053,-10.0027828217,0.1384046067,0.0383972444,-0.2553416716,0,0,0,0,0,205148,0.0,0.1563489437,0.1946021616,0.1811749786,90,45,45,0,0,0,41.6790008545,16.6000003815,0,2,10,1,131,342
37,1527886333527,1101527, RC,0,40.0483048792,-88.2326839842,0,2.1203746731,22.1581348486,22.2593559818,2.5404127202,19.7412841148,0.2003960907,0.0478220217,2.2831129304,19.7830641919,0.1888376485,1.9359543183,0,0,1500,1578,40.0484824168,-88.2327132223,40.0484833333,-88.2327051667,-0.6864655018,-0.0980665013,-11.0815143585,0.005235988,0.0670206418,-0.0181514236,0,0,0,0,0,205148,0.0,0.1563489437,0.2056382,0.1951539665,90,45,45,0,0,0,42.7559967041,16.6000003815,0,2,10,1,126,351
38,1527886333727,1101727, RC,0,40.0483048792,-88.2326839842,0,2.1537565148,22.1552184054,22.2596578976,2.5685312017,19.7449164827,0.1957057714,0.0701622356,2.3164947721,19.7801477487,0.191573419,1.9308117995,0,0,1500,1578,40.0484824495,-88.2327135723,40.0484833333,-88.2327051667,0.1961330026,-0.0980665013,-9.8066501617,-0.0287979322,0.3043854309,0.2511528854,0,0,0,0,0,205148,0.0,0.1563489437,0.1890841424,0.2023273855,90,45,45,0,0,0,42.7559967041,16.6000003815,0,2,10,1,169,360
39,1527886333928,1101928, RC,0,40.0483048792,-88.2326839842,0,2.1882488711,22.1531338403,22.260947241,2.6045447144,19.7512916585,0.1993844509,0.0734783622,2.3509871284,19.7780631836,0.192334408,1.9295451059,0,0,1500,1578,40.0484825068,-88.2327140033,40.0484833333,-88.2327051667,0.0980665013,0.490332514,-9.5124511719,0.0563741352,-0.1958259467,-0.0734783622,0,0,0,0,0,205148,0.0,0.1563489437,0.2028791904,0.1958896965,90,45,45,0,0,0,42.7559967041,16.6000003815,0,2,10,1,117,369
40,1527886334129,1102129, RC,0,40.0483048792,-88.2326839842,0,2.2217590992,22.150416562,22.2615625544,2.6369228667,19.7524962701,0.1953378916,0.0233874126,2.3844973565,19.7753459053,0.1925702634,1.9285786619,0,0,1500,1578,40.0484825177,-88.2327143857,40.0484833333,-88.2327051667,1.176797986,-0.3922660053,-12.0621795654,-0.1277581042,-0.0383972444,0.0787143533,0,0,0,0,0,205149,0.0,0.1563489437,0.1907395422,0.1999362558,90,45,45,0,0,0,42.7559967041,16.6000003815,0,2,10,1,92,378
41,1527886334330,1102330, RC,0,40.0483048792,-88.2326839842,0,2.256027238,22.1484021854,22.2630046998,2.6717094816,19.7501241114,0.2252271771,0.0212930174,2.4187654953,19.7733315287,0.1922936547,1.9187837327,0,0,1500,1602,40.0484824963,-88.2327147958,40.0484833333,-88.2327051667,0.2941994965,-0.0980665013,-13.5331773758,0.005235988,-0.0841248729,-0.0415388382,0,0,0,0,0,205149,0.0,0.2057230473,0.2275263369,0.2229280025,90,45,45,0,0,0,42.7559967041,16.6000003815,0,2,10,1,82,387
42,1527886334530,1102530, RC,0,40.0483048792,-88.2326839842,0,2.2906557633,22.1471538143,22.2652986933,2.6971928917,19.7518476329,0.2495064735,-0.1213003797,2.4533940206,19.7720831576,0.1948321857,1.9087997533,0,0,1500,1639,40.0484825118,-88.2327151103,40.048483,-88.2327071667,1.3729310036,0.490332514,-10.7873153687,0.0584685283,-0.0607374583,0.0158824967,0,0,0,0,0,205149,0.0,0.2797830105,0.253093183,0.2459197491,90,45,45,0,0,0,42.7559967041,16.6000003815,0,2,10,1,71,396
43,1527886334731,1102731, RC,0,40.0483048792,-88.2326839842,0,2.3259129126,22.1447088624,22.2665219888,2.7582268512,19.7474183686,0.3062500954,0.0,2.4886511699,19.7696382057,0.2004340108,1.8729856783,0,0,1500,1639,40.048482472,-88.2327158428,40.048483,-88.2327071667,-0.0980665013,1.9613300562,-11.4737796783,-0.2085668423,0.0820304715,0.297927698,0,0,0,0,0,205149,0.0,0.2797830105,0.3176540136,0.2948461771,90,45,45,0,0,0,42.7559967041,16.6000003815,0,2,10,1,71,404
44,1527886334932,1102932, RC,0,40.0483048792,-88.2326839842,0,2.3616299621,22.1426486147,22.268232614,2.7951056142,19.7582042762,0.3341161013,0.0212930174,2.5243682194,19.767577958,0.2093620138,1.8584309325,0,0,1500,1639,40.048482569,-88.232716332,40.048483,-88.2327071667,2.5497288704,1.3729310036,-13.1409111023,0.1692969341,0.0265290043,-0.0010471975,0,0,0,0,0,205149,0.0,0.2797830105,0.3388064206,0.329425782,90,45,45,0,0,0,42.7559967041,16.6000003815,0,2,10,1,118,413
45,1527886335132,1103132, RC,0,40.0483048792,-88.2326839842,0,2.3992696043,22.1405017576,22.2701215244,2.874076544,19.7718256545,0.3429449201,0.0467748251,2.5620078616,19.7654311009,0.2186389484,1.8461049049,0,0,1500,1652,40.0484826915,-88.2327172827,40.048483,-88.2327071667,-0.490332514,-1.6671304703,-13.7293100357,0.1542871085,-0.1862266325,-0.0457276244,0,0,0,0,0,205150,0.0,0.3044700623,0.3424851,0.351497829,90,45,45,0,0,0,42.7559967041,16.6000003815,0,2,10,1,114,421
46,1527886335333,1103333, RC,0,40.0483048792,-88.2326839842,0,2.4396524055,22.1373220102,22.2713477285,2.9398337484,19.74877124,0.3519576788,-0.0020943951,2.6023906628,19.7622513535,0.2282143712,1.8366444745,0,0,1500,1652,40.0484824842,-88.2327180747,40.048483,-88.2327071667,1.2748644352,-0.1961330026,-11.571846962,-0.1384046067,-0.0127409039,0.0724311656,0,0,0,0,0,205150,0.0,0.3044700623,0.3560962081,0.3478191793,90,45,45,0,0,0,42.7559967041,16.6000003815,0,2,10,1,141,432
47,1527886335534,1103534, RC,0,40.0483048792,-88.2326839842,0,2.4813752636,22.1346360309,22.2732874856,3.0050786511,19.7449535478,0.3654768467,0.1054178862,2.6441135209,19.7595653742,0.2384147486,1.816421152,0,0,1500,1664,40.0484824498,-88.2327188562,40.0484838333,-88.2327113333,0.2941994965,1.176797986,-9.6105175018,0.0116937063,0.0277507357,0.0511381482,0,0,0,0,0,205150,0.0,0.3291569948,0.34266904,0.3882846534,90,45,45,0,0,0,42.7559967041,16.6000003815,0,2,10,1,113,442
48,1527886335735,1103735, RC,0,40.0483048792,-88.2326839842,0,2.525709292,22.1329478321,22.2765928088,3.0741239228,19.7499758516,0.3968375921,0.2607521829,2.6884475493,19.7578771754,0.2506182606,1.8130312865,0,0,1525,1664,40.048482495,-88.2327196995,40.0484838333,-88.2327113333,-1.2748644352,-0.7845320106,-11.8660469055,-0.1171115935,0.1373574101,-0.2319542569,0,0,0,0,0,205150,0.0513670444,0.3291569948,0.383870244,0.4098049402,90,45,45,0,0,0,42.7559967041,16.5,0,2,10,1,86,451
49,1527886335936,1103936, RC,0,40.0483048792,-88.2326839842,0,2.5716616672,22.1305234215,22.2794414347,3.1300411134,19.7297939723,0.3963777423,-0.0649262487,2.7343999245,19.7554527648,0.2629733598,1.8346549334,0,0,1525,1664,40.0484823135,-88.2327203618,40.0484838333,-88.2327113333,1.0787315369,0.588398993,-10.9834480286,-0.0020943951,0.1563815016,-0.0724311656,0,0,0,0,0,205150,0.0513670444,0.3291569948,0.4096210003,0.3831345141,90,45,45,0,0,0,42.7559967041,16.5,0,2,10,1,119,459
50,1527886336136,1104136, RC,0,40.0483048792,-88.2326839842,0,2.5716616672,22.1305234215,22.2794414347,3.2138783815,19.7345568215,0.4204730988,0.0713839691,2.7343999245,19.7554527648,0.2629733598,1.8346549334,0,0,1541,1676,40.0484823563,-88.2327213123,40.0484838333,-88.2327113333,-0.490332514,-0.8825985193,-10.9834480286,0.0254818077,0.2597049947,0.0383972444,0,0,0,0,0,205151,0.0827590227,0.3538429737,0.4693995416,0.3715466559,90,45,45,0,0,0,42.7559967041,16.5,0,2,10,1,120,468
51,1527886336337,1104337, RC,0,40.0483048792,-88.2326839842,0,2.6680530722,22.1270456462,22.2873205259,3.2756027838,19.7307020648,0.4234160483,0.1809906414,2.8307913295,19.7519749895,0.2913472403,1.7751616931,0,0,1541,1676,40.0484823217,-88.2327221013,40.0484838333,-88.2327113333,0.490332514,-1.5690640211,-9.7085838318,0.0,-0.0947713754,-0.1031489561,0,0,0,0,0,205151,0.0,0.3538429737,0.4944145679,0.3524175286,90,45,45,0,0,0,42.7559967041,16.5,0,2,10,1,130,476
52,1527886336538,1104538, RC,0,40.0483048792,-88.2326839842,0,2.7211895197,22.1254514988,22.292161771,3.3672784748,19.7250681876,0.4220365286,0.2724458902,2.883927777,19.7503808421,0.3061619123,1.7701671691,0,0,1500,1676,40.048482271,-88.2327232097,40.0484833333,-88.2327165,0.8825985193,1.0787315369,-8.1395196915,0.2745402833,0.0223402139,-0.0361283144,0,0,0,0,0,205151,0.0,0.3538429737,0.4561562836,0.3879167736,90,45,45,0,0,0,41.6790008545,16.5,0,2,10,1,87,485
53,1527886336738,1104738, RC,0,40.0483048792,-88.2326839842,0,2.7768654068,22.1247230247,22.2983037563,3.4296388811,19.7256612278,0.4417175055,0.2256710776,2.9396036641,19.749652368,0.3218931441,1.7765417918,0,0,1491,1676,40.0484822763,-88.2327239503,40.0484833333,-88.2327165,-0.0980665013,0.0980665013,-10.3950481415,0.3181735146,0.1776745232,-0.0563741352,0,0,0,0,0,205151,-0.0171220303,0.3538429737,0.4504543543,0.4329806268,90,45,45,0,0,0,42.7559967041,16.2999992371,0,2,10,1,86,494
54,1527886336939,1104939, RC,0,40.0483048792,-88.2326839842,0,2.8351278328,22.1245045472,22.3054175322,3.4988926954,19.7375590855,0.4445684552,0.1457349992,2.9978660901,19.7494338905,0.337394606,1.769726832,0,0,1455,1676,40.0484823833,-88.2327247537,40.0484833333,-88.2327165,1.6671304703,-0.7845320106,-12.0621795654,-0.1137954669,0.0958185719,0.2202605496,0,0,0,0,0,205151,-0.0884670019,0.3538429737,0.4361074865,0.4530293941,90,45,45,0,0,0,42.7559967041,16.2999992371,0,2,10,1,75,502
55,1527886337140,1105140, RC,0,40.0483048792,-88.2326839842,0,2.897438364,22.1235980814,22.3125243113,3.5992365084,19.7331668856,0.4330725968,0.2160717634,3.0601766213,19.7485274247,0.3520635496,1.7437605382,0,0,1455,1676,40.0484823438,-88.2327259435,40.0484833333,-88.2327165,-0.3922660053,-1.2748644352,-6.8646550179,-0.0563741352,0.0287979322,-0.2223549427,0,0,0,0,0,205152,-0.0884670019,0.3538429737,0.390491873,0.4756533206,90,45,45,0,0,0,42.7559967041,16.2999992371,0,2,10,1,69,511
56,1527886337341,1105341, RC,0,40.0483048792,-88.2326839842,0,2.9615601014,22.1222711293,22.3196262996,3.6601564745,19.7276442039,0.4443845153,0.1659808159,3.1242983587,19.7472004726,0.3670570763,1.7249547031,0,0,1500,1676,40.0484822942,-88.2327267012,40.0484833333,-88.2327165,0.1961330026,0.9806650281,-9.1201848984,0.0488692182,-0.0680678425,0.1607448248,0,0,0,0,0,205152,0.0,0.3538429737,0.3625338972,0.5262351036,90,45,45,0,0,0,42.7559967041,16.2999992371,0,2,10,1,93,520
57,1527886337541,1105541, RC,0,40.0483048792,-88.2326839842,0,3.0281054591,22.1226027762,22.3288821096,3.7332729394,19.7515881776,0.4554205537,0.0724311656,3.1908437164,19.7475321195,0.3833464473,1.6916802326,0,0,1500,1676,40.0484825095,-88.2327275907,40.0484838333,-88.232721,2.6477956772,-2.1574630737,-12.1602458954,-0.2459168943,0.0350811178,0.0254818077,0,0,0,0,0,205152,0.0,0.3538429737,0.4171622694,0.493678838,90,45,45,0,0,0,42.2180023193,16.2999992371,0,2,10,1,63,528
58,1527886337742,1105742, RC,0,40.0483048792,-88.2326839842,0,3.0986109471,22.1346136024,22.3504476271,3.8213826071,19.7376702802,0.4480631948,0.0914552488,3.2613492044,19.7595429457,0.3962183082,1.6351231379,0,0,1500,1676,40.0484823843,-88.23272868,40.0484838333,-88.232721,-0.9806650281,-0.7845320106,-9.0221185684,0.0755727553,-0.1872738207,-0.1607448248,0,0,0,0,0,205152,0.0,0.3538429737,0.4386825562,0.4574438334,90,45,45,0,0,0,42.7559967041,16.6000003815,0,2,10,1,95,537
59,1527886337943,1105943, RC,0,40.0483048792,-88.2326839842,0,3.1750713354,22.1587307679,22.3850491898,3.8882206388,19.7404501533,0.438590616,-0.0127409039,3.3378095927,19.7836601112,0.4064628087,1.4107173203,0,0,1500,1676,40.0484824093,-88.2327295578,40.0484838333,-88.232721,-2.3535959721,-0.588398993,-11.3757133484,0.1031489561,0.4438372341,0.0041887901,0,0,0,0,0,205152,0.0,0.3538429737,0.4375789762,0.4396022558,90,45,45,0,0,0,42.2180023193,16.6000003815,0,2,10,1,75,546
60,1527886338143,1106143, RC,0,40.0483048792,-88.2326839842,0,3.2978136403,22.2547226968,22.4977389335,3.9255973478,19.7408393345,0.4419933558,0.1638864228,3.4605518976,19.8796520401,0.4135781043,0.8907571252,0,0,1500,1676,40.0484824128,-88.2327303648,40.0484838333,-88.232721,2.2555296421,0.490332514,-10.7873153687,0.1031489561,-0.0659734452,0.0308923274,0,0,0,0,0,205153,0.0,0.3538429737,0.4449363053,0.439050436,90,45,45,0,0,0,42.7559967041,16.6000003815,0,2,10,1,107,554
61,1527886338344,1106344, RC,0,40.0483048792,-88.2326839842,0,3.6481679355,22.2933354815,22.5898635714,3.9601487161,19.7392826062,0.4415335357,-0.0085521135,3.8109061928,19.9182648248,0.4217993073,0.0073181559,0,0,1500,1676,40.0484823988,-88.2327315428,40.0484838333,-88.232721,-2.6477956772,0.2941994965,-9.4143838882,0.23404865,0.0511381482,-0.1841322394,0,0,0,0,0,205153,0.0,0.3538429737,0.4578116834,0.425255388,90,45,45,0,0,0,42.7559967041,16.6000003815,0,2,10,1,138,563
62,1527886338545,1106545, RC,0,40.0483048792,-88.2326839842,0,3.8880044978,22.1192905997,22.4583969956,3.9804828835,19.7516067109,0.4178980291,-0.1851794276,4.0507427551,19.744219943,0.4289415074,0.0556721792,0,0,1482,1676,40.0484825097,-88.2327323922,40.0484838333,-88.2327255,0.8825985193,0.6864655018,-10.6892490387,0.0724311656,0.2617993878,0.1054178862,0,0,0,0,0,205153,-0.0342450142,0.3538429737,0.4316930771,0.4041029811,90,45,45,0,0,0,42.7559967041,16.6000003815,0,2,10,1,134,572
63,1527886338745,1106745, RC,0,40.0483048792,-88.2326839842,0,3.9473852417,22.1264424094,22.4757937334,4.0527216239,19.7422292717,0.4398781359,0.0467748251,4.110123499,19.7513717527,0.4299518408,0.0389012561,0,0,1482,1676,40.0484824253,-88.2327332383,40.0484838333,-88.2327255,0.1961330026,-1.0787315369,-8.0414533615,-0.0298451309,-0.0371755151,-0.0968657768,0,0,0,0,0,205153,-0.0342450142,0.3538429737,0.425807178,0.4539490938,90,45,45,0,0,0,42.7559967041,16.2999992371,0,2,10,1,149,580
64,1527886338946,1106946, RC,0,40.0483048792,-88.2326839842,0,4.0004017257,22.125377277,22.4841173635,4.1205646599,19.7347977442,0.4492587745,0.0893608557,4.163139983,19.7503066203,0.4336747783,0.038282476,0,0,1500,1676,40.0484823585,-88.2327340367,40.0484838333,-88.2327255,2.3535959721,0.8825985193,-9.3163175583,-0.0127409039,-0.0925024537,-0.1233947811,0,0,0,0,0,205153,0.0,0.3538429737,0.4265429378,0.4719746113,90,45,45,0,0,0,42.7559967041,16.2999992371,0,2,10,1,124,589
65,1527886339147,1107147, RC,0,40.0483048792,-88.2326839842,0,4.0588322713,22.1249169773,22.4941341389,4.2171297923,19.7437489356,0.4361994863,-0.1893682305,4.2215705286,19.7498463206,0.4363151535,0.0365957612,0,0,1500,1676,40.048482439,-88.2327351712,40.0484838333,-88.2327255,-0.1961330026,-0.3922660053,-11.571846962,-0.0851720695,-0.3851941606,0.1298524973,0,0,0,0,0,205154,0.0,0.3538429737,0.4364753664,0.4359235764,90,45,45,0,0,0,42.7559967041,16.2999992371,0,2,10,1,135,597
66,1527886339348,1107348, RC,0,40.0483048792,-88.2326839842,0,4.1228113406,22.1254908491,22.5063306353,4.3008788886,19.7484932529,0.4406138659,0.0563741352,4.2855495979,19.7504201924,0.4393432553,0.0244183844,0,0,1500,1676,40.0484824817,-88.2327361552,40.0484838333,-88.2327255,-1.0787315369,-0.490332514,-11.8660469055,-0.0584685283,-0.3363249548,0.0191986222,0,0,0,0,0,205154,0.0,0.3538429737,0.4383146763,0.4429130554,90,45,45,0,0,0,42.7559967041,16.2999992371,0,2,10,1,76,606
67,1527886339548,1107548, RC,0,40.0483048792,-88.2326839842,0,4.1880677427,22.1266813642,22.5195457239,4.3769949715,19.7533302323,0.4550527036,0.0446804279,4.350806,19.7516107075,0.4416883464,0.02600585,0,0,1500,1676,40.0484825252,-88.23273705,40.0484841667,-88.2327303333,1.3729310036,-0.7845320106,-11.6699142456,-0.0265290043,0.2501056805,-0.0202458187,0,0,0,0,0,205154,0.0,0.3538429737,0.4572598934,0.4528455138,90,45,45,0,0,0,43.2939987183,16.5,0,2,10,1,80,614
68,1527886339749,1107749, RC,0,40.0483048792,-88.2326839842,0,4.2640959469,22.1247396199,22.5319022165,4.4823505867,19.7400980358,0.4509141743,0.1031489561,4.4268342042,19.7496689632,0.4440273648,0.0203355229,0,0,1500,1676,40.0484824062,-88.2327382877,40.0484841667,-88.2327303333,0.588398993,0.9806650281,-7.1588544846,0.2181661565,-0.4864232772,-0.0968657768,0,0,0,0,0,205154,0.0,0.3538429737,0.4473274648,0.4545008838,90,45,45,0,0,0,42.7559967041,16.5,0,2,10,1,66,623
69,1527886339950,1107950, RC,0,40.0483048792,-88.2326839842,0,4.3414040749,22.1210862351,22.5430753351,4.5601743047,19.7333707425,0.4470515549,-0.0233874126,4.5041423322,19.7460155784,0.444295342,0.0151200212,0,0,1500,1676,40.0484823457,-88.2327392022,40.0484841667,-88.2327303333,-0.8825985193,-2.7458620071,-14.4157762527,0.1851794276,-0.0446804279,-0.1947787419,0,0,0,0,0,205154,0.0,0.3538429737,0.4366592765,0.4574438334,90,45,45,0,0,0,42.7559967041,16.5,0,2,10,1,88,632
70,1527886340150,1108150, RC,0,40.0483048792,-88.2326839842,0,4.3414040749,22.1210862351,22.5430753351,4.6264981025,19.7293862579,0.4522017241,-0.1192059866,4.5041423322,19.7460155784,0.444295342,0.0151200212,0,0,1500,1676,40.0484823098,-88.2327399815,40.0484841667,-88.2327303333,-0.1961330026,-0.0980665013,-11.3757133484,-0.1192059866,0.326725624,0.0404916375,0,0,0,0,0,205155,0.0,0.3538429737,0.4546848238,0.4497185946,90,45,45,0,0,0,42.7559967041,16.5,0,2,10,1,84,644
71,1527886340351,1108351, RC,0,40.0483048792,-88.2326839842,0,4.5013002912,22.1162229478,22.5696482425,4.7143716113,19.7409134648,0.4411656857,0.0212930174,4.6640385485,19.7411522911,0.4454662737,-0.0022120477,0,0,1482,1676,40.0484824135,-88.232741014,40.0484841667,-88.2327303333,0.7845320106,1.6671304703,-12.7486448288,-0.1043706896,-0.2415535711,-0.0287979322,0,0,0,0,0,205155,-0.0342450142,0.3538429737,0.4364753664,0.445856005,90,45,45,0,0,0,42.2180023193,16.5,0,2,10,1,115,651
72,1527886340552,1108552, RC,0,40.0483048792,-88.2326839842,0,4.585996263,22.1166257975,22.5870869833,4.7922533543,19.7519217632,0.4362914264,0.1192059866,4.7487345203,19.7415551408,0.4460786579,-0.003204903,0,0,1482,1676,40.0484825125,-88.232741929,40.0484836667,-88.2327351667,-1.6671304703,0.0980665013,-13.9254426956,-0.0713839691,0.0181514236,0.0436332313,0,0,0,0,0,205155,-0.0342450142,0.3538429737,0.4092531204,0.4633297324,90,45,45,0,0,0,42.7559967041,16.5,0,2,10,1,169,659
73,1527886340752,1108752, RC,0,40.0483048792,-88.2326839842,0,4.6713998082,22.1193857598,22.6072820692,4.8655277397,19.7524036072,0.4439246953,0.1574287065,4.8341380655,19.7443151031,0.4440381524,0.0069491366,0,0,1500,1676,40.0484825168,-88.2327427898,40.0484836667,-88.2327351667,0.9806650281,-1.5690640211,-10.1008491516,-0.1117010738,-0.1394518032,-0.0830776764,0,0,0,0,0,205155,0.0,0.3538429737,0.4287501276,0.459099263,90,45,45,0,0,0,42.7559967041,16.5,0,2,10,1,170,667
74,1527886340953,1108953, RC,0,40.0483048792,-88.2326839842,0,4.7616061459,22.118279439,22.6250122305,4.9477561863,19.7353907844,0.4448443353,-0.2446951691,4.9243444032,19.7432087823,0.443923157,0.0107477788,0,0,1500,1676,40.0484823638,-88.2327437558,40.0484836667,-88.2327351667,-0.0980665013,-0.7845320106,-9.7085838318,0.136135685,-0.1457349992,-0.1628392179,0,0,0,0,0,205155,0.0,0.3538429737,0.4366592765,0.4530293941,90,45,45,0,0,0,42.7559967041,16.5,0,2,10,1,164,676
75,1527886341154,1109154, RC,0,40.0483048792,-88.2326839842,0,4.854525036,22.1144192907,22.6409795258,5.0315330205,19.7244751482,0.4500864744,-0.0979129734,5.0172632933,19.739348634,0.4443469596,-0.0054699117,0,0,1500,1676,40.0484822657,-88.23274474,40.0484836667,-88.2327351667,1.8632634878,2.0593965054,-7.1588544846,0.2298598638,0.0116937063,-0.1394518032,0,0,0,0,0,205156,0.0,0.3538429737,0.4454881251,0.4546848238,90,45,45,0,0,0,42.7559967041,16.5,0,2,10,1,178,684
76,1527886341355,1109355, RC,0,40.0483048792,-88.2326839842,0,4.9463581203,22.1114386388,22.6579385058,5.1160084848,19.7308317921,0.4457640052,-0.0233874126,5.1090963776,19.7363679821,0.4445298543,-0.012778607,0,0,1500,1676,40.0484823228,-88.2327457325,40.0484836667,-88.2327351667,0.588398993,-0.0980665013,-12.7486448288,-0.1542871085,-0.0075049159,0.0085521135,0,0,0,0,0,205156,0.0,0.3538429737,0.4500864744,0.4414415658,90,45,45,0,0,0,42.7559967041,16.5,0,2,10,1,209,692
77,1527886341555,1109555, RC,0,40.0483048792,-88.2326839842,0,5.0363834017,22.1064247152,22.6728730305,5.2040743143,19.7205462612,0.4338083267,0.0202458187,5.199121659,19.7313540585,0.444649678,-0.0192188274,0,0,1500,1676,40.0484822303,-88.232746767,40.0484853333,-88.232741,0.3922660053,0.2941994965,-9.1201848984,-0.0148352991,-0.1446877943,-0.0425860347,0,0,0,0,0,205156,0.0,0.3538429737,0.4381307364,0.4294858873,90,45,45,0,0,0,43.2939987183,16.5,0,2,10,1,252,700
78,1527886341756,1109756, RC,0,40.0483048792,-88.2326839842,0,5.1178186472,22.1052360635,22.6899433478,5.274440295,19.7316286885,0.4450283051,-0.0841248729,5.2805569045,19.7301654068,0.444376018,-0.0174915817,0,0,1500,1676,40.04848233,-88.2327475935,40.0484853333,-88.232741,-0.7845320106,0.8825985193,-11.0815143585,-0.0212930174,0.404392789,0.1244419777,0,0,0,0,0,205156,0.0,0.3538429737,0.4493507445,0.4407058358,90,45,45,0,0,0,42.2180023193,16.5,0,2,10,1,184,708
79,1527886341957,1109957, RC,0,40.0483048792,-88.2326839842,0,5.2030597669,22.0998328343,22.7040622409,5.3790623531,19.712058382,0.4458559752,0.0350811178,5.3657980242,19.7247621776,0.4448636723,-0.0259970727,0,0,1500,1676,40.048482154,-88.2327488227,40.0484853333,-88.232741,1.7651970387,-0.2941994965,-17.3577709198,0.1436405894,-0.4321435268,-0.2085668423,0,0,0,0,0,205156,0.0,0.3538429737,0.4499025345,0.4418094456,90,45,45,0,0,0,42.7559967041,16.5,0,2,10,1,142,718
80,1527886342157,1110157, RC,0,40.0483048792,-88.2326839842,0,5.2842432608,22.0951640432,22.7182635986,5.451695479,19.7181741026,0.4361075163,-0.1137954669,5.4469815181,19.7200933865,0.4444481193,-0.0296104626,0,0,1500,1689,40.048482209,-88.2327496757,40.0484853333,-88.232741,-0.588398993,1.4709975719,-11.7679805756,0.0542797379,-0.2192133614,-0.3225368378,0,0,0,0,0,205157,0.0,0.3785300255,0.419369489,0.4528455138,90,45,45,0,0,0,42.7559967041,16.5,0,2,10,1,100,729
81,1527886342358,1110358, RC,0,40.0483048792,-88.2326839842,0,5.3650906769,22.0901144588,22.7322976132,5.526785257,19.7105201856,0.4373950362,-0.0776671484,5.5278289342,19.7150438021,0.4444573625,-0.0383389513,0,0,1500,1689,40.0484821402,-88.2327505577,40.0484853333,-88.232741,0.8825985193,0.1961330026,-6.8646550179,0.1809906414,-0.136135685,-0.0202458187,0,0,0,0,0,205157,0.0,0.3785300255,0.4355556965,0.439234376,90,45,45,0,0,0,42.7559967041,16.5,0,2,10,1,123,737
82,1527886342559,1110559, RC,0,40.0483048792,-88.2326839842,0,5.4453329337,22.0834437065,22.7448925409,5.6049526119,19.697621574,0.4260830879,0.0488692182,5.608071191,19.7083730498,0.4440472331,-0.0460413513,0,0,1500,1689,40.0484820242,-88.2327514755,40.0484866667,-88.2327455,-0.9806650281,1.2748644352,-10.8853816986,-0.0202458187,0.0041887901,0.1106538772,0,0,0,0,0,205157,0.0,0.3785300255,0.4366592765,0.4155068696,90,45,45,0,0,0,41.6790008545,16.6000003815,0,2,10,1,166,745
83,1527886342759,1110759, RC,0,40.0483048792,-88.2326839842,0,5.528034048,22.0800594608,22.7615506112,5.7007579295,19.7056090759,0.4123799801,0.0467748251,5.6907723053,19.7049888041,0.4422224525,-0.0432613325,0,0,1500,1689,40.048482096,-88.2327526005,40.0484866667,-88.2327455,2.0593965054,1.9613300562,-13.1409111023,0.1054178862,-0.2085668423,-0.0808087464,0,0,0,0,0,205157,0.0,0.3785300255,0.4156908095,0.4090691805,90,45,45,0,0,0,42.7559967041,16.6000003815,0,2,10,1,224,753
84,1527886342960,1110960, RC,0,40.0483048792,-88.2326839842,0,5.6079553604,22.0765807665,22.7777211692,5.7585085654,19.7041264772,0.4249794781,0.0010471975,5.7706936177,19.7015101098,0.4394753065,-0.0421656223,0,0,1529,1689,40.0484820827,-88.2327532792,40.0484866667,-88.2327455,-0.0980665013,0.0980665013,-10.0027828217,-0.0148352991,-0.0212930174,-0.3979350561,0,0,0,0,0,205157,0.0599290133,0.3785300255,0.4410737157,0.4088852406,90,45,45,0,0,0,42.7559967041,16.6000003815,0,2,10,1,179,761
85,1527886343161,1111161, RC,0,40.0483048792,-88.2326839842,0,5.687466284,22.0693524149,22.7904275682,5.8365427436,19.6859646391,0.4553285837,-0.0979129734,5.8502045413,19.6942817582,0.4388270319,-0.048272296,0,0,1500,1689,40.0484819193,-88.232754196,40.0484866667,-88.2327455,0.7845320106,-0.0980665013,-9.6105175018,0.2937389118,-0.1659808159,0.1724385321,0,0,0,0,0,205158,0.0,0.3785300255,0.466640532,0.4440166652,90,45,45,0,0,0,42.2180023193,16.6000003815,0,2,10,1,217,769
86,1527886343361,1111361, RC,0,40.0483048792,-88.2326839842,0,5.7681554184,22.0651421733,22.8066243898,5.9293052808,19.699938135,0.4562482834,0.1127482703,5.9308936757,19.6900715166,0.4389549473,-0.0554025284,0,0,1500,1689,40.048482045,-88.2327552853,40.0484866667,-88.2327455,-0.0980665013,2.5497288704,-12.1602458954,0.0277507357,0.1776745232,-0.0638790521,0,0,0,0,0,205158,0.0,0.3785300255,0.4556044936,0.4568920434,90,45,45,0,0,0,42.7559967041,16.6000003815,0,2,10,1,206,778
87,1527886343562,1111562, RC,0,40.0483048792,-88.2326839842,0,5.8496407588,22.0611698132,22.8235297563,6.0109869484,19.6910981383,0.4407058358,0.0116937063,6.0123790161,19.6860991565,0.4397204629,-0.0509697402,0,0,1500,1689,40.0484819655,-88.2327562443,40.0484863333,-88.23275,0.0,-1.176797986,-11.571846962,0.1542871085,-0.1137954669,-0.279950828,0,0,0,0,0,205158,0.0,0.3785300255,0.4318769872,0.4495346844,90,45,45,0,0,0,42.7559967041,16.5,0,2,10,1,169,786
88,1527886343763,1111763, RC,0,40.0483048792,-88.2326839842,0,5.9284015948,22.0582022417,22.8409770282,6.0815750687,19.6838890002,0.4336243868,-0.0925024537,6.0911398521,19.683131585,0.4390490311,-0.0482653238,0,0,1500,1689,40.0484819007,-88.232757074,40.0484863333,-88.23275,0.588398993,1.5690640211,-9.6105175018,-0.0404916375,-0.2789036065,0.3469714406,0,0,0,0,0,205158,0.0,0.3785300255,0.4375789762,0.4296698272,90,45,45,0,0,0,42.7559967041,16.5,0,2,10,1,143,795
89,1527886343963,1111963, RC,0,40.0483048792,-88.2326839842,0,6.0076097186,22.0590809349,22.8625113718,6.1678536316,19.6952679473,0.4213008285,-0.0244346091,6.1703479759,19.6840102782,0.4394210368,-0.0444492453,0,0,1500,1689,40.048482003,-88.2327580878,40.0484863333,-88.23275,-2.4516625404,-1.0787315369,-8.531785965,0.500211361,-0.1670280041,-0.3319616317,0,0,0,0,0,205158,0.0,0.3785300255,0.4254392982,0.4103567302,90,45,45,0,0,0,42.7559967041,16.5,0,2,10,1,131,803
90,1527886344164,1112164, RC,0,40.0483048792,-88.2326839842,0,6.083947637,22.0559552261,22.8796761294,6.2367475924,19.6783663185,0.4204730988,-0.0617846549,6.2466858943,19.6808845694,0.437543186,-0.0442813623,0,0,1500,1689,40.048481851,-88.2327588975,40.0484863333,-88.23275,-0.3922660053,1.4709975719,-12.2583122253,0.0265290043,-0.2246238727,-0.0158824967,0,0,0,0,0,205159,0.0,0.3785300255,0.4219445586,0.4190016389,90,45,45,0,0,0,43.2939987183,16.5,0,2,10,1,136,815
91,1527886344365,1112365, RC,0,40.0483048792,-88.2326839842,0,6.1601762694,22.0514478542,22.895722835,6.3148865793,19.6746412884,0.4192775488,-0.0202458187,6.3229145267,19.6763771975,0.436032706,-0.0486621812,0,0,1500,1689,40.0484818175,-88.2327598155,40.0484863333,-88.23275,-0.588398993,1.0787315369,-7.9433865547,-0.059515729,0.2010619378,-0.0085521135,0,0,0,0,0,205159,0.0,0.3785300255,0.4202891588,0.418265909,90,45,45,0,0,0,42.7559967041,16.5,0,2,10,1,183,825
92,1527886344565,1112565, RC,0,40.0483048792,-88.2326839842,0,6.2373266698,22.0497227925,22.9149409603,6.3972543415,19.6816095045,0.4140354097,0.1872738207,6.4000649271,19.6746521358,0.4341323808,-0.0465976979,0,0,1500,1689,40.0484818802,-88.2327607828,40.0484845,-88.2327546667,-1.3729310036,0.3922660053,-12.0621795654,-0.1031489561,-0.059515729,-0.2150245585,0,0,0,0,0,205159,0.0,0.3785300255,0.418633759,0.4094370604,90,45,45,0,0,0,42.2180023193,16.3999996185,0,2,10,1,154,833
93,1527886344766,1112766, RC,0,40.0483048792,-88.2326839842,0,6.3153145589,22.0454842716,22.9322169611,6.476402052,19.6671170994,0.4194614887,-0.005235988,6.4780528162,19.6704136149,0.432428116,-0.0401664335,0,0,1500,1689,40.0484817498,-88.2327617128,40.0484845,-88.2327546667,1.0787315369,1.8632634878,-7.0607881546,0.0148352991,0.3895574837,0.0436332313,0,0,0,0,0,205159,0.0,0.3785300255,0.4147711694,0.4241517782,90,45,45,0,0,0,42.7559967041,16.3999996185,0,2,10,1,172,842
94,1527886344967,1112967, RC,0,40.0483048792,-88.2326839842,0,6.388753058,22.0443475753,22.951458029,6.5398907873,19.6719540782,0.4210249186,0.0937241788,6.5514913153,19.6692769186,0.4308775128,-0.0366712237,0,0,1500,1689,40.0484817933,-88.2327624592,40.0484845,-88.2327546667,-0.0980665013,0.0,-11.6699142456,0.1127482703,0.0680678425,0.1150172004,0,0,0,0,0,205159,0.0,0.3785300255,0.4355556965,0.4064941108,90,45,45,0,0,0,42.2180023193,16.3999996185,0,2,10,1,191,852
95,1527886345167,1113167, RC,0,40.0483048792,-88.2326839842,0,6.4648080268,22.0434385362,22.9718724818,6.6181396986,19.6751972642,0.4225883484,0.0478220217,6.6275462841,19.6683678795,0.4295019396,-0.0309810618,0,0,1500,1689,40.0484818225,-88.2327633787,40.0484845,-88.2327546667,0.1961330026,1.9613300562,-10.0027828217,-0.1171115935,0.0371755151,-0.2010619378,0,0,0,0,0,205200,0.0,0.3785300255,0.4353717566,0.4098049402,90,45,45,0,0,0,42.7559967041,16.3999996185,0,2,10,1,246,862
96,1527886345368,1113368, RC,0,40.0483048792,-88.2326839842,0,6.543301653,22.0415646165,22.9922893003,6.7083681826,19.6644484204,0.4264509678,0.0031415928,6.7060399103,19.6664939598,0.4281862472,-0.0273486426,0,0,1500,1689,40.0484817258,-88.232764439,40.0484845,-88.2327546667,0.0980665013,1.6671304703,-10.3950481415,-0.0638790521,-0.1797689163,0.1000073665,0,0,0,0,0,205200,0.0,0.3785300255,0.4331645668,0.4197373688,90,45,45,0,0,0,42.7559967041,16.3999996185,0,2,10,1,240,870
97,1527886345569,1113569, RC,0,40.0483048792,-88.2326839842,0,6.6202207416,22.0410073588,23.0137638829,6.781329441,19.6698599067,0.4163345695,0.1267109077,6.7829589989,19.6659367021,0.4269386787,-0.0248659083,0,0,1500,1689,40.0484817745,-88.2327652963,40.048485,-88.2327583333,-0.588398993,0.2941994965,-9.8066501617,0.1404990081,0.0521853448,-0.1096066807,0,0,0,0,0,205200,0.0,0.3785300255,0.4316930771,0.4009760916,90,45,45,0,0,0,42.7559967041,16.3999996185,0,2,10,1,188,878
98,1527886345769,1113769, RC,0,40.0483048792,-88.2326839842,0,6.6944913919,22.0378784011,23.0322447759,6.8482103927,19.6594261166,0.4161506593,0.0287979322,6.8572296492,19.6628077444,0.4253146854,-0.022308973,0,0,1500,1689,40.0484816807,-88.2327660822,40.048485,-88.2327583333,-0.490332514,1.8632634878,-6.4723892212,-0.0085521135,-0.0584685283,0.0872664626,0,0,0,0,0,205200,0.0,0.3785300255,0.4164265692,0.4158747494,90,45,45,0,0,0,42.7559967041,16.3999996185,0,2,10,1,182,887
99,1527886345973,1113973, RC,0,40.0483048792,-88.2326839842,0,6.7705298845,22.0347351183,23.0514560635,6.9244409705,19.6533659931,0.432980597,0.1267109077,6.9332681418,19.6596644616,0.4247533423,-0.0225195652,0,0,1500,1689,40.0484816262,-88.2327669778,40.048485,-88.2327583333,1.3729310036,3.2361946106,-6.1781892776,0.0628318514,0.0511381482,0.1713913272,0,0,0,0,0,205200,0.0,0.3785300255,0.4283822477,0.4375789762,90,45,45,0,0,0,41.6790008545,16.3999996185,0,2,10,1,199,896
100,1527886346173,1114173, RC,0,40.0483048792,-88.2326839842,0,6.8472793402,22.0346256485,23.0740105277,7.0131790778,19.6633550035,0.4249795079,0.0075049159,7.0100175975,19.6595549918,0.426121953,-0.0150206871,0,0,1500,1689,40.048481716,-88.2327680203,40.048485,-88.2327583333,-0.2941994965,0.8825985193,-9.3163175583,0.005235988,0.1830850345,0.0,0,0,0,0,0,205201,0.0,0.3785300255,0.424887538,0.4250714481,90,45,45,0,0,0,42.7559967041,16.3999996185,0,2,10,1,215,904
101,1527886346374,1114374, RC,0,40.0483048792,-88.2326839842,0,6.9226286406,22.0352125114,23.0970426185,7.0868589784,19.670490012,0.4144032896,0.0947713754,7.0853668979,19.6601418547,0.4251013275,-0.014027207,0,0,1500,1689,40.0484817802,-88.2327688862,40.048485,-88.2327583333,0.7845320106,0.8825985193,-8.6298522949,0.0075049159,-0.1542871085,0.0075049159,0,0,0,0,0,205201,0.0,0.3785300255,0.424887538,0.4039190412,90,45,45,0,0,0,42.2180023193,16.3999996185,0,2,10,1,203,912
102,1527886346575,1114575, RC,0,40.0483048792,-88.2326839842,0,7.0000109117,22.0361259933,23.1212240497,7.1665007723,19.664837603,0.4281983376,-0.0776671484,7.162749169,19.6610553366,0.423049397,-0.0068028444,0,0,1500,1689,40.0484817293,-88.2327698218,40.0484843333,-88.2327626667,-0.2941994965,1.0787315369,-11.2776470184,0.1319468905,-0.1021017596,0.1000073665,0,0,0,0,0,205201,0.0,0.3785300255,0.4309573472,0.4254392982,90,45,45,0,0,0,42.7559967041,16.3999996185,0,2,10,1,191,921
103,1527886346775,1114775, RC,0,40.0483048792,-88.2326839842,0,7.0786458714,22.0372005053,23.1461753533,7.2462617311,19.6664684622,0.4184498191,-0.0553269386,7.2413841287,19.6621298486,0.4211481841,-0.0072648572,0,0,1500,1689,40.048481744,-88.232770759,40.0484843333,-88.2327626667,-0.7845320106,0.588398993,-6.6685218811,-0.1106538772,-0.1137954669,-0.202283663,0,0,0,0,0,205201,0.0,0.3785300255,0.4206570387,0.4162426293,90,45,45,0,0,0,42.7559967041,16.3999996185,0,2,10,1,192,929
104,1527886346976,1114976, RC,0,40.0483048792,-88.2326839842,0,7.1562809884,22.0332017819,23.1662327181,7.3217209468,19.6454711534,0.4262670279,0.0191986222,7.3190192457,19.6581311252,0.4206438132,-0.0139536362,0,0,1500,1689,40.0484815552,-88.2327716455,40.0484843333,-88.2327626667,1.8632634878,0.7845320106,-12.6505784988,0.1617920296,-0.1277581042,0.1916371439,0,0,0,0,0,205201,0.0,0.3785300255,0.4311412871,0.4213927686,90,45,45,0,0,0,42.2180023193,16.3999996185,0,2,10,1,167,937
105,1527886347177,1115177, RC,0,40.0483048792,-88.2326839842,0,7.2328242546,22.0339923875,23.1907431366,7.3902381725,19.6626507693,0.4267268777,0.0383972444,7.3955625119,19.6589217308,0.4210118127,-0.0095022122,0,0,1500,1689,40.0484817097,-88.2327724503,40.0484843333,-88.2327626667,0.3922660053,0.0980665013,-10.7873153687,0.1384046067,-0.0883136592,0.1350884801,0,0,0,0,0,205202,0.0,0.3785300255,0.424703598,0.4287501276,90,45,45,0,0,0,42.7559967041,16.3999996185,0,2,10,1,170,946
106,1527886347377,1115377, RC,0,40.0483048792,-88.2326839842,0,7.3119918681,22.0374952007,23.218880675,7.482387287,19.6779400721,0.4193695188,-0.0064577183,7.4747301254,19.662424544,0.4222390105,-0.0029312754,0,0,1500,1689,40.0484818472,-88.232773533,40.0484843333,-88.2327626667,-0.2941994965,0.3922660053,-10.1008491516,0.0287979322,-0.0277507357,0.0158824967,0,0,0,0,0,205202,0.0,0.3785300255,0.4281983376,0.4105406702,90,45,45,0,0,0,43.2939987183,16.3999996185,0,2,10,1,189,954
107,1527886347578,1115578, RC,0,40.0483048792,-88.2326839842,0,7.392229465,22.0405457215,23.2471656803,7.5652883083,19.6770505129,0.4214847386,0.0607374583,7.5549677223,19.6654750648,0.4222780939,0.0007725054,0,0,1500,1689,40.0484818392,-88.232774507,40.0484861667,-88.232767,-0.9806650281,0.0980665013,-9.5124511719,0.0244346091,0.0680678425,0.1267109077,0,0,0,0,0,205202,0.0,0.3785300255,0.4250714481,0.4178980291,90,45,45,0,0,0,42.7559967041,16.3999996185,0,2,10,1,144,962
108,1527886347779,1115779, RC,0,40.0483048792,-88.2326839842,0,7.4724458038,22.0457836856,23.2777581524,7.6405762568,19.68455617,0.4213927686,0.0563741352,7.6351840611,19.6707130289,0.4226225821,0.0110193383,0,0,1500,1689,40.0484819067,-88.2327753915,40.0484861667,-88.232767,0.6864655018,0.9806650281,-9.1201848984,-0.0202458187,0.0553269386,-0.0841248729,0,0,0,0,0,205202,0.0,0.3785300255,0.4241517782,0.418633759,90,45,45,0,0,0,42.7559967041,16.3999996185,0,2,10,1,165,970
109,1527886347980,1115980, RC,0,40.0483048792,-88.2326839842,0,7.5546575905,22.0471369455,23.3055593969,7.7264280965,19.6710089212,0.4275545478,0.0607374583,7.7173958478,19.6720662888,0.4233029842,0.0142192761,0,0,1500,1689,40.0484817848,-88.2327764,40.0484861667,-88.232767,1.176797986,0.1961330026,-9.5124511719,0.0584685283,0.1085594758,-0.0106465087,0,0,0,0,0,205202,0.0,0.3785300255,0.4320609272,0.4230481982,90,45,45,0,0,0,42.7559967041,16.3999996185,0,2,10,1,124,978
110,1527886348180,1116180, RC,0,40.0483048792,-88.2326839842,0,7.6352711915,22.0488600066,23.3334436755,7.8049284426,19.6727695071,0.4477872849,-0.1043706896,7.7980094488,19.6737893499,0.4235644915,0.0184416968,0,0,1535,1689,40.0484818007,-88.2327773222,40.0484861667,-88.232767,-0.3922660053,1.6671304703,-10.3950481415,-0.1638864228,0.0127409039,0.1893682305,0,0,0,0,0,205203,0.071344018,0.3785300255,0.4747336209,0.4208409786,90,45,45,0,0,0,42.7559967041,16.3999996185,0,2,10,1,137,987
111,1527886348381,1116381, RC,0,40.0483048792,-88.2326839842,0,7.7161560796,22.0546420126,23.3654937664,7.8857168296,19.6909869429,0.4521097541,-0.0574213317,7.8788943369,19.6795713559,0.425067741,0.020903403,0,0,1535,1689,40.0484819645,-88.2327782712,40.0484861667,-88.232767,-1.0787315369,-0.3922660053,-13.9254426956,0.1947787419,0.0904080523,-0.1830850345,0,0,0,0,0,205203,0.071344018,0.3785300255,0.4931270182,0.4110924602,90,45,45,0,0,0,42.7559967041,16.3999996185,0,2,10,1,118,997
112,1527886348582,1116582, RC,0,40.0483048792,-88.2326839842,0,7.7944100166,22.0569720486,23.3936496396,7.9474071366,19.6803863603,0.4555125237,0.2256710776,7.9571482739,19.6819013919,0.4268579437,0.0200088569,0,0,1500,1689,40.0484818692,-88.2327789958,40.048487,-88.2327728333,-0.9806650281,-0.0980665013,-17.1616382599,0.1542871085,0.0617846549,-0.0127409039,0,0,0,0,0,205203,0.0,0.3785300255,0.4896322787,0.4213927686,90,45,45,0,0,0,42.7559967041,16.5,0,2,10,1,129,1009
113,1527886348782,1116782, RC,0,40.0483048792,-88.2326839842,0,7.8707853008,22.0629729973,23.4248594175,8.018777565,19.6973621194,0.465628922,0.1542871085,8.0335235581,19.6879023406,0.4292167879,0.0367824755,0,0,1500,1689,40.0484820218,-88.2327798343,40.048487,-88.2327728333,-0.0980665013,-0.3922660053,-7.2569212914,-0.11815879,-0.069115039,0.1021017596,0,0,0,0,0,205203,0.0,0.3785300255,0.487057209,0.4442006052,90,45,45,0,0,0,42.7559967041,16.5,0,2,10,1,146,1017
114,1527886348983,1116983, RC,0,40.0483048792,-88.2326839842,0,7.9501845929,22.0711147093,23.4593166903,8.1158099329,19.7110576274,0.4537651539,0.2277654707,8.1129228502,19.6960440526,0.4323250601,0.0506099595,0,0,1464,1689,40.048482145,-88.2327809735,40.048487,-88.2327728333,0.0,0.0980665013,-10.2969818115,0.0287979322,0.1127482703,0.0638790521,0,0,0,0,0,205203,-0.071344018,0.3785300255,0.4644333124,0.4430969656,90,45,45,0,0,0,42.7559967041,16.5,0,2,10,1,142,1026
115,1527886349184,1117184, RC,0,40.0483048792,-88.2326839842,0,8.0342821092,22.0810499879,23.4972861748,8.2179248211,19.7253276429,0.4603868127,0.1480039126,8.1970203665,19.7059793312,0.4356631153,0.0676694258,0,0,1447,1689,40.0484822733,-88.2327821722,40.048487,-88.2327728333,-1.3729310036,-0.1961330026,-13.4351100922,-0.0148352991,0.0563741352,0.0371755151,0,0,0,0,0,205204,-0.1055890322,0.3785300255,0.4125639498,0.5082096457,90,45,45,0,0,0,42.7559967041,16.5,0,2,10,1,133,1035
116,1527886349389,1117389, RC,0,40.0483048792,-88.2326839842,0,8.1111997013,22.0914582136,23.533467373,8.2621580654,19.7277924637,0.4728942513,-0.0745255587,8.2739379586,19.7163875569,0.4371508708,0.0824621085,0,0,1500,1689,40.0484822955,-88.2327826902,40.048487,-88.2327728333,1.7651970387,0.3922660053,-11.1795806885,-0.1000073665,-0.017104227,-0.3043854309,0,0,0,0,0,205204,0.0,0.3785300255,0.377248615,0.5685399175,90,45,45,0,0,0,42.7559967041,16.5,0,2,10,1,93,1044
117,1527886349593,1117593, RC,0,40.0483048792,-88.2326839842,0,8.1916179028,22.1007427425,23.5700113202,8.3584420685,19.7259577476,0.4589152932,-0.0968657768,8.3543561601,19.7256720858,0.4401452008,0.0853787779,0,0,1500,1689,40.048482279,-88.2327838195,40.0484886667,-88.2327783333,1.5690640211,0.0980665013,-12.6505784988,-0.239459178,-0.581020124,-0.0041887901,0,0,0,0,0,205204,0.0,0.3785300255,0.4066780508,0.5111525655,90,45,45,0,0,0,42.7559967041,16.6000003815,0,2,10,1,235,1053
118,1527886349807,1117807, RC,0,40.0483048792,-88.2326839842,0,8.2776941948,22.1049268639,23.6039829868,8.4638121245,19.7132073966,0.4273706079,-0.3309144102,8.4404324521,19.7298562072,0.4412010637,0.0789783928,0,0,1481,1689,40.0484821643,-88.232785057,40.0484886667,-88.2327783333,-0.8825985193,1.176797986,-12.1602458954,-0.168075209,0.3862413488,-0.2830923927,0,0,0,0,0,205204,-0.0370979905,0.3785300255,0.3993206918,0.4554205537,90,45,45,0,0,0,43.2939987183,16.6000003815,0,2,10,1,159,1062
119,1527886350008,1118008, RC,0,40.0483048792,-88.2326839842,0,8.358201782,22.1056098564,23.6329753555,8.5190664803,19.7077403118,0.4139434397,0.136135685,8.5209400393,19.7305391997,0.4404950708,0.0584064036,0,0,1500,1689,40.0484821152,-88.232785707,40.0484886667,-88.2327783333,-0.9806650281,0.588398993,-10.3950481415,0.0797615498,0.0532325414,0.0851720695,0,0,0,0,0,205204,0.0,0.3785300255,0.4037351012,0.4241517782,90,45,45,0,0,0,42.7559967041,16.6000003815,0,2,10,1,122,1071
120,1527886350209,1118209, RC,0,40.0483048792,-88.2326839842,0,8.4363066953,22.1056647292,23.6607625359,8.5903269105,19.7209539757,0.4041949511,-0.1000073665,8.5990449526,19.7305940725,0.4384856209,0.0575631002,0,0,1500,1689,40.048482234,-88.2327865465,40.0484886667,-88.2327783333,-0.1961330026,0.0,-9.8066501617,0.0584685283,0.0371755151,0.1659808159,0,0,0,0,0,205205,0.0171220303,0.3785300255,0.4035511911,0.404838711,90,45,45,0,0,0,42.7559967041,16.6000003815,0,2,10,1,116,1079
121,1527886350409,1118409, RC,0,40.0483048792,-88.2326839842,0,8.5113117447,22.1018590996,23.6840579985,8.6614660922,19.7021620337,0.4385905862,0.0532325414,8.674050002,19.7267884429,0.4364596193,0.0418274069,0,0,1508,1689,40.048482065,-88.2327873823,40.0484881667,-88.2327835,-0.3922660053,0.7845320106,-7.7472538948,0.0745255587,0.2426007594,-0.1989675281,0,0,0,0,0,205205,0.0171220303,0.3785300255,0.4362914264,0.4408897758,90,45,45,0,0,0,42.7559967041,16.6000003815,0,2,10,1,138,1088
122,1527886350610,1118610, RC,0,40.0483048792,-88.2326839842,0,8.5863811178,22.0997143363,23.7091398926,8.7342050677,19.7063318434,0.4523856342,-0.1277581042,8.7491193751,19.7246436796,0.4380723657,0.0382746825,0,0,1509,1689,40.0484821025,-88.2327882382,40.0484881667,-88.2327835,0.9806650281,0.0,-8.6298522949,0.3043854309,-0.0158824967,0.0202458187,0,0,0,0,0,205205,0.0199760199,0.3785300255,0.4808034301,0.4239678383,90,45,45,0,0,0,42.7559967041,16.5,0,2,10,1,120,1097
123,1527886350822,1118822, RC,0,40.0483048792,-88.2326839842,0,8.668281421,22.0963377784,23.7357798695,8.8412517483,19.7020137738,0.4710549116,-0.0872664626,8.8310196783,19.7212671217,0.4415482316,0.0243573345,0,0,1500,1701,40.0484820637,-88.232789496,40.0484881667,-88.2327835,1.0787315369,1.176797986,-9.1201848984,0.0446804279,-0.4565781297,0.168075209,0,0,0,0,0,205205,0.0,0.403216958,0.4955181479,0.4465917051,90,45,45,0,0,0,43.2939987183,16.5,0,2,10,1,123,1106
124,1527886351022,1119022, RC,0,40.0483048792,-88.2326839842,0,8.7525318465,22.0911803872,23.7618825985,8.9334181107,19.6930440492,0.4978173375,0.1031489561,8.9152701038,19.7161097305,0.4452514932,0.0125667658,0,0,1500,1701,40.048481983,-88.2327905795,40.0484881667,-88.2327835,-1.4709975719,0.2941994965,-11.7679805756,0.1404990081,0.2617993878,-0.1766273183,0,0,0,0,0,205205,0.0,0.403216958,0.5192456841,0.4763890207,90,45,45,0,0,0,42.7559967041,16.5,0,2,10,1,114,1114
125,1527886351228,1119228, RC,0,40.0483048792,-88.2326839842,0,8.836387225,22.0815895472,23.7839932753,9.0094989843,19.6784033843,0.500208497,0.1192059866,8.9991254823,19.7065188905,0.4494303098,0.0005749472,0,0,1518,1701,40.0484818513,-88.2327914737,40.0484881667,-88.2327835,1.176797986,1.9613300562,-9.6105175018,0.1064650827,0.1031489561,0.0010471975,0,0,0,0,0,205206,0.0370990038,0.403216958,0.5096811056,0.4907358885,90,45,45,0,0,0,42.7559967041,16.5,0,2,10,1,92,1122
126,1527886351443,1119443, RC,0,40.0483048792,-88.2326839842,0,9.0166076499,22.0670775466,23.8381023775,9.2009117875,19.673844392,0.5182340145,0.0116937063,9.1793459072,19.6920068899,0.4590938061,-0.0124544513,0,0,1500,1701,40.0484818103,-88.2327937225,40.0484881667,-88.2327835,-0.6864655018,0.1961330026,-15.9848394394,0.2064724492,-0.2958333215,0.4841543305,0,0,0,0,0,205206,0.0,0.403216958,0.5468357205,0.4896322787,90,45,45,0,0,0,43.2939987183,16.5,0,2,10,1,117,1131
127,1527886351643,1119643, RC,0,40.0483048792,-88.2326839842,0,9.0166076499,22.0670775466,23.8381023775,9.2009117875,19.673844392,0.5138196349,0.0116937063,9.1793459072,19.6920068899,0.4590938061,-0.0124544513,0,0,1500,1701,40.0484818103,-88.2327937225,40.0484878333,-88.232788,2.4516625404,0.9806650281,-9.3163175583,0.1288053008,0.271398702,-0.3789109646,0,0,0,0,0,205206,0.0,0.403216958,0.5380069613,0.4896322787,90,45,45,0,0,0,42.7559967041,16.5,0,2,10,1,144,1139
128,1527886351844,1119844, RC,0,40.0483048792,-88.2326839842,0,9.1090907997,22.0616239928,23.8681961697,9.4054712662,19.6683031784,0.5020477772,0.086219266,9.271829057,19.6865533361,0.4621723846,-0.0220821928,0,0,1500,1701,40.0484817605,-88.2327961253,40.0484878333,-88.232788,0.9806650281,-1.7651970387,-9.8066501617,0.1638864228,-0.0989601699,0.1542871085,0,0,0,0,0,205206,0.0,0.403216958,0.5232921839,0.4808034301,90,45,45,0,0,0,43.2939987183,16.5,0,2,10,1,150,1147
129,1527886352045,1120045, RC,0,40.0483048792,-88.2326839842,0,9.203469623,22.0532159477,23.8966145455,9.4054712662,19.6683031784,0.5031514168,0.086219266,9.3662078803,19.678145291,0.4650264956,-0.0313801258,0,0,1500,1701,40.0484817605,-88.2327961253,40.0484878333,-88.232788,0.0,-0.6864655018,-6.9627213478,-0.0148352991,-0.0467748251,-0.3352777333,0,0,0,0,0,205206,0.0,0.403216958,0.5096811056,0.4966217875,90,45,45,0,0,0,42.7559967041,16.5,0,2,10,1,140,1155
130,1527886352250,1120250, RC,0,40.0483048792,-88.2326839842,0,9.3940315223,22.0480347866,23.9658854666,9.56825027,19.6891522274,0.5151991248,-0.0937241788,9.5567697796,19.6729641299,0.4709237811,-0.0312609155,0,0,1500,1701,40.048481948,-88.2327980372,40.0484878333,-88.232788,-0.3922660053,2.3535959721,-9.5124511719,0.005235988,0.3991568146,0.2734930951,0,0,0,0,0,205207,0.0,0.403216958,0.5133597851,0.5170384645,90,45,45,0,0,0,42.7559967041,16.5,0,2,10,1,127,1164
131,1527886352451,1120451, RC,0,40.0483048792,-88.2326839842,0,9.3940315223,22.0480347866,23.9658854666,9.6779741899,19.6759941598,0.513543725,0.1776745232,9.5567697796,19.6729641299,0.4709237811,-0.0312609155,0,0,1500,1701,40.0484818297,-88.2327993263,40.0484883333,-88.232794,-1.4709975719,-2.1574630737,-10.4931163788,0.1776745232,0.101054563,0.2085668423,0,0,0,0,0,205207,0.0,0.403216958,0.5163027048,0.5107846856,90,45,45,0,0,0,43.2939987183,16.5,0,2,10,1,67,1172
132,1527886352651,1120651, RC,0,40.0483048792,-88.2326839842,0,9.4904133562,22.0471225595,24.0029906226,9.6779741899,19.6759941598,0.5140035152,0.1776745232,9.6531516135,19.6720519028,0.4741262406,-0.0316791252,0,0,1500,1701,40.0484818297,-88.2327993263,40.0484883333,-88.232794,1.8632634878,0.0980665013,-10.0027828217,0.0085521135,0.1745329252,-0.1054178862,0,0,0,0,0,205207,0.0,0.403216958,0.5188778043,0.5091292858,90,45,45,0,0,0,42.7559967041,16.6000003815,0,2,10,1,92,1180
133,1527886352852,1120852, RC,0,40.0483048792,-88.2326839842,0,9.5906537301,22.0467663338,24.0424737652,9.7804887121,19.6752528612,0.5082095861,0.0085521135,9.7533919874,19.6716956771,0.4768387021,-0.0207766753,0,0,1500,1701,40.048481823,-88.2328005307,40.0484883333,-88.232794,-0.0980665013,1.0787315369,-12.0621795654,-0.0446804279,-0.5469861902,-0.0893608557,0,0,0,0,0,205207,0.0,0.403216958,0.4982771873,0.5181420445,90,45,45,0,0,0,43.2939987183,16.6000003815,0,2,10,1,80,1188
134,1527886353053,1121053, RC,0,40.0483048792,-88.2326839842,0,9.6938937449,22.0493513394,24.0862091336,9.8729030246,19.6897452669,0.5099569559,0.0319395261,9.8566320022,19.6742806827,0.4815978752,-0.0148187997,0,0,1500,1701,40.0484819533,-88.2328016168,40.0484883333,-88.232794,-0.490332514,-1.7651970387,-9.6105175018,0.0191986222,-0.1373574101,0.2000147329,0,0,0,0,0,205207,0.0,0.403216958,0.5017719269,0.5181420445,90,45,45,0,0,0,42.7559967041,16.6000003815,0,2,10,1,108,1196
135,1527886353254,1121254, RC,0,40.0483048792,-88.2326839842,0,9.8942685227,22.0529405272,24.1708240549,10.0553341179,19.6782921889,0.5133597851,0.1288053008,10.05700678,19.6778698705,0.4945373773,-0.0049926321,0,0,1500,1701,40.0484818503,-88.2328037603,40.0484883333,-88.232794,0.6864655018,2.2555296421,-15.1022405624,0.2043780561,-0.4693190252,0.2776818813,0,0,0,0,0,205208,0.0,0.403216958,0.5197974443,0.5069220662,90,45,45,0,0,0,42.7559967041,16.6000003815,0,2,10,1,77,1204
136,1527886353454,1121454, RC,0,40.0483048792,-88.2326839842,0,9.8942685227,22.0529405272,24.1708240549,10.1562385405,19.7111502895,0.5164866447,0.297927698,10.05700678,19.6778698705,0.4945373773,-0.0049926321,0,0,1500,1701,40.0484821458,-88.2328049458,40.0484875,-88.2328013333,-2.3535959721,0.3922660053,-9.1201848984,0.297927698,0.3202679244,-0.0734783622,0,0,0,0,0,205208,0.0,0.403216958,0.520717144,0.5122561455,90,45,45,0,0,0,42.7559967041,16.6000003815,0,2,10,1,54,1213
137,1527886353655,1121655, RC,0,40.0483048792,-88.2326839842,0,9.9913624293,22.0604937037,24.2176114769,10.1562385405,19.7111502895,0.5166705847,0.297927698,10.1541006866,19.685423047,0.5014959043,0.0090277279,0,0,1500,1701,40.0484821458,-88.2328049458,40.0484875,-88.2328013333,-1.0787315369,1.4709975719,-12.7486448288,-0.1617920296,-0.3415609293,0.4724606232,0,0,0,0,0,205208,0.0,0.403216958,0.5183259845,0.5150151849,90,45,45,0,0,0,42.7559967041,16.6000003815,0,2,10,1,83,1222
138,1527886353870,1121870, RC,0,40.0483048792,-88.2326839842,0,10.1849436896,22.0755361171,24.3117743659,10.3564632572,19.7068878177,0.5110605955,-0.0989601699,10.3476819469,19.7004654604,0.5074078149,0.0407371331,0,0,1465,1701,40.0484821075,-88.2328072973,40.0484875,-88.2328013333,-0.490332514,-1.3729310036,-10.2969818115,0.0041887901,-0.2117084403,-0.0383972444,0,0,0,0,0,205208,-0.0684900284,0.403216958,0.5017719269,0.5203492641,90,45,45,0,0,0,42.7559967041,16.6000003815,0,2,10,1,116,1230
139,1527886354071,1122071, RC,0,40.0483048792,-88.2326839842,0,10.1849436896,22.0755361171,24.3117743659,10.4505413569,19.7069619473,0.4933109283,0.1244419777,10.3476819469,19.7004654604,0.5074078149,0.0407371331,0,0,1457,1701,40.0484821082,-88.232808402,40.0484875,-88.2328013333,-1.7651970387,0.0980665013,-9.0221185684,0.1244419777,-0.168075209,-0.0467748251,0,0,0,0,0,205209,-0.085611999,0.403216958,0.4440166652,0.5426052213,90,45,45,0,0,0,42.7559967041,16.6000003815,0,2,10,1,112,1238
140,1527886354277,1122277, RC,0,40.0483048792,-88.2326839842,0,10.2830346603,22.081452901,24.3583941188,10.5333860539,19.7150235794,0.4966217875,0.0797615498,10.4457729176,19.7063822443,0.5082840118,0.0397985086,0,0,1448,1701,40.0484821807,-88.2328093753,40.0484875,-88.2328013333,-1.2748644352,-0.490332514,-11.2776470184,0.0041887901,-0.1713913272,0.0457276244,0,0,0,0,0,205209,-0.102734983,0.403216958,0.4013439715,0.5918995738,90,45,45,0,0,0,42.7559967041,16.6000003815,0,2,10,1,121,1246
141,1527886354477,1122477, RC,0,40.0483048792,-88.2326839842,0,10.4682940163,22.0988803866,24.4529281264,10.6165382723,19.7398756464,0.4633297324,0.1213003797,10.6310322736,19.7238097299,0.5068378502,0.0620756126,0,0,1500,1701,40.0484824042,-88.2328103517,40.0484876667,-88.2328073333,-1.5690640211,0.490332514,-10.6892490387,-0.0415388382,0.4054399772,-0.0095993111,0,0,0,0,0,205209,0.0,0.403216958,0.3847899139,0.5418695807,90,45,45,0,0,0,42.7559967041,16.6000003815,0,2,10,1,125,1254
142,1527886354678,1122678, RC,0,40.0483048792,-88.2326839842,0,10.5603243688,22.10095308,24.4943376685,10.7163823,19.7069434154,0.4735380709,-0.1563815016,10.7230626261,19.7258824233,0.5040662052,0.0648249951,0,0,1500,1701,40.048482108,-88.2328115233,40.0484876667,-88.2328073333,0.588398993,0.0980665013,-14.8080415726,-0.0872664626,-0.0127409039,0.3075270288,0,0,0,0,0,205209,0.0,0.403216958,0.4408897758,0.5061863661,90,45,45,0,0,0,42.7559967041,16.5,0,2,10,1,121,1262
143,1527886354883,1122883, RC,0,40.0483048792,-88.2326839842,0,10.6471537467,22.1029051909,24.5336564903,10.7821901684,19.7076291171,0.486965239,-0.0212930174,10.809892004,19.7278345342,0.5023014061,0.054603218,0,0,1553,1701,40.0484821142,-88.2328122962,40.0484876667,-88.2328073333,0.2941994965,-1.7651970387,-10.2969818115,0.1192059866,0.0350811178,-0.4267330154,0,0,0,0,0,205209,0.1070619822,0.403216958,0.508577466,0.4653530121,90,45,45,0,0,0,42.2180023193,16.5,0,2,10,1,92,1271
144,1527886355089,1123089, RC,0,40.0483048792,-88.2326839842,0,10.7383807461,22.0975114596,24.5685334067,10.8900793158,19.6884850576,0.4872411489,0.0883136592,10.9011190034,19.7224408029,0.5015802618,0.0424764753,0,0,1592,1701,40.048481942,-88.2328135647,40.0484876667,-88.2328073333,-1.3729310036,0.0980665013,-7.5511202812,0.0766199518,-0.1244419777,0.1490511175,0,0,0,0,0,205210,0.1854939461,0.403216958,0.5705632567,0.4039190412,90,45,45,0,0,0,42.7559967041,16.5,0,2,10,1,83,1282
145,1527886355290,1123290, RC,0,40.0483048792,-88.2326839842,0,10.8295532194,22.0874879078,24.5995192028,10.9868349757,19.6709347916,0.4753773808,-0.1160643969,10.9922914767,19.7124172511,0.499672441,0.0298325768,0,0,1592,1701,40.0484817842,-88.2328147023,40.0484876667,-88.2328073333,0.490332514,0.1961330026,-5.5897903442,0.0265290043,-0.5171410427,-0.2776818813,0,0,0,0,0,205210,0.1854939461,0.403216958,0.6174663901,0.3332884014,90,45,45,0,0,0,42.7559967041,16.5,0,2,10,1,185,1292
146,1527886355491,1123491, RC,0,40.0483048792,-88.2326839842,0,10.9182894297,22.0769305128,24.6292489723,11.0778634318,19.6617982745,0.4874250591,0.2106612354,11.081027687,19.7018598561,0.4961257101,0.0093242389,0,0,1500,1701,40.048481702,-88.2328157725,40.0484868333,-88.2328138333,-0.588398993,-0.2941994965,-12.6505784988,0.4310963386,-0.0371755151,0.0,0,0,0,0,0,205210,0.0,0.403216958,0.5823349953,0.3925151229,90,45,45,0,0,0,42.7559967041,16.5,0,2,10,1,106,1303
147,1527886355692,1123692, RC,0,40.0483048792,-88.2326839842,0,11.0051553116,22.060251811,24.6529542529,11.1551386338,19.6335362306,0.4970816374,0.311890352,11.1678935689,19.6851811543,0.4952744695,-0.0027673081,0,0,1500,1701,40.0484814478,-88.232816681,40.0484868333,-88.2328138333,1.0787315369,0.2941994965,-11.7679805756,0.1574287065,-0.1446877943,-0.0989601699,0,0,0,0,0,205210,0.0,0.403216958,0.5466518402,0.4475114048,90,45,45,0,0,0,42.7559967041,16.5,0,2,10,1,117,1314
148,1527886355892,1123892, RC,0,40.0483048792,-88.2326839842,0,11.0934363764,22.0497090724,24.6830711383,11.2490770126,19.6586848173,0.4913796484,-0.0404916375,11.2561746337,19.6746384157,0.4934706206,-0.0120409214,0,0,1500,1701,40.048481674,-88.2328177847,40.0484868333,-88.2328138333,-0.9806650281,-1.2748644352,-8.9240512848,0.0680678425,0.0766199518,0.2415535711,0,0,0,0,0,205210,0.0,0.403216958,0.5036112666,0.4791480303,90,45,45,0,0,0,42.7559967041,16.5,0,2,10,1,59,1322
149,1527886356093,1124093, RC,0,40.0483048792,-88.2326839842,0,11.1818035114,22.0420786301,24.7161073008,11.3402216157,19.6612052358,0.5094971657,-0.0574213317,11.3445417687,19.6670079734,0.492888583,-0.0264928928,0,0,1482,1701,40.0484816967,-88.2328188553,40.0484868333,-88.2328138333,-0.0980665013,0.7845320106,-8.9240512848,0.2246238727,-0.2565633967,-0.1267109077,0,0,0,0,0,205211,-0.0342450142,0.403216958,0.5008522272,0.5181420445,90,45,45,0,0,0,42.7559967041,16.5,0,2,10,1,60,1330
150,1527886356294,1124294, RC,0,40.0483048792,-88.2326839842,0,11.2695040352,22.0368709655,24.751270738,11.4236354886,19.6693039324,0.4824588597,0.0244346091,11.4322422925,19.6618003088,0.4916694694,-0.0346344264,0,0,1500,1701,40.0484817695,-88.2328198348,40.0484868333,-88.2328138333,-0.3922660053,0.1961330026,-8.8259849548,0.1521927154,0.4906120634,0.196873135,0,0,0,0,0,205211,0.0,0.403216958,0.4373950362,0.5275226831,90,45,45,0,0,0,42.7559967041,16.5,0,2,10,1,59,1338
151,1527886356495,1124495, RC,0,40.0483048792,-88.2326839842,0,11.3548052972,22.0326024926,24.7864312868,11.508761798,19.6758273674,0.4981852174,-0.0670206418,11.5175435545,19.6575318359,0.4901376514,-0.0414408609,0,0,1500,1701,40.0484818282,-88.2328208345,40.0484856667,-88.2328205,0.490332514,-0.490332514,-10.7873153687,0.0095993111,-0.0904080523,-0.1446877943,0,0,0,0,0,205211,0.0,0.403216958,0.4852178693,0.5111525655,90,45,45,0,0,0,42.7559967041,16.5,0,2,10,1,91,1346
152,1527886356695,1124695, RC,0,40.0483048792,-88.2326839842,0,11.3548052972,22.0326024926,24.7864312868,11.5970389492,19.6809979317,0.4957940578,0.1776745232,11.5175435545,19.6575318359,0.4901376514,-0.0414408609,0,0,1476,1701,40.0484818747,-88.2328218712,40.0484856667,-88.2328205,0.8825985193,0.2941994965,-11.1795806885,-0.0202458187,0.0958185719,-0.1872738207,0,0,0,0,0,205211,-0.0469779968,0.403216958,0.4991968572,0.4923912883,90,45,45,0,0,0,42.7559967041,16.5,0,2,10,1,94,1354
153,1527886356896,1124896, RC,0,40.0483048792,-88.2326839842,0,11.5316626232,22.035985693,24.8709450629,11.706610584,19.6900232534,0.4880688488,0.0,11.6944008805,19.6609150363,0.4894244473,-0.0311506367,0,0,1404,1701,40.0484819558,-88.2328231585,40.0484856667,-88.2328205,-0.2941994965,0.9806650281,-9.2182512283,0.0883136592,-0.0340339212,0.0574213317,0,0,0,0,0,205211,-0.1912019849,0.403216958,0.4670084119,0.5091292858,90,45,45,0,0,0,43.2939987183,16.5,0,2,10,1,121,1362
154,1527886357097,1125097, RC,0,40.0483048792,-88.2326839842,0,11.6247015031,22.0421336047,24.9196576799,11.7997279672,19.7004385123,0.466824472,0.0244346091,11.7874397604,19.667062948,0.4868465494,-0.0202313535,0,0,1404,1701,40.0484820495,-88.232824253,40.0484856667,-88.2328205,-0.8825985193,2.0593965054,-13.4351100922,-0.0701622356,-0.0893608557,-0.0584685283,0,0,0,0,0,205212,-0.1912019849,0.403216958,0.3732020557,0.5604468584,90,45,45,0,0,0,42.2180023193,16.5,0,2,10,1,117,1370
155,1527886357298,1125298, RC,0,40.0483048792,-88.2326839842,0,11.7154693383,22.0531829843,24.9718862234,11.8765944695,19.7223624448,0.466180712,0.0607374583,11.8782075956,19.6781123276,0.4851282722,-0.00543071,0,0,1500,1701,40.0484822467,-88.2328251565,40.0484856667,-88.2328205,0.0,-2.0593965054,-13.1409111023,-0.4415682874,-0.1511455106,0.11815879,0,0,0,0,0,205212,0.0,0.403216958,0.322620213,0.6097412109,90,45,45,0,0,0,42.7559967041,16.5,0,2,10,1,146,1378
156,1527886357498,1125498, RC,0,40.0483048792,-88.2326839842,0,11.8026866261,22.0661827233,25.0243847391,11.9531615654,19.7269770348,0.4951502979,-0.3745476415,11.9654248834,19.6911120666,0.4849069274,0.0146361924,0,0,1500,1701,40.0484822882,-88.2328260563,40.0484855,-88.2328265,-0.7845320106,1.176797986,-11.0815143585,-0.1809906414,0.1192059866,-0.0383972444,0,0,0,0,0,205212,0.0,0.403216958,0.4543169737,0.5359836221,90,45,45,0,0,0,43.2939987183,16.5,0,2,10,1,155,1386
157,1527886357699,1125699, RC,0,40.0483048792,-88.2326839842,0,11.886082421,22.0799479978,25.0759458227,12.0284346375,19.7217323402,0.5047148466,0.1171115935,12.0488206783,19.7048773411,0.4860833027,0.021996122,0,0,1500,1701,40.048482241,-88.2328269405,40.0484855,-88.2328265,1.4709975719,0.2941994965,-9.8066501617,-0.1127482703,0.3181735146,0.101054563,0,0,0,0,0,205212,0.0,0.403216958,0.4800677299,0.5293620229,90,45,45,0,0,0,42.7559967041,16.6000003815,0,2,10,1,159,1393
158,1527886357900,1125900, RC,0,40.0483048792,-88.2326839842,0,11.975201369,22.0912414601,25.1282390366,12.1365557228,19.7271252947,0.5106007457,-0.2288126589,12.1379396263,19.7161708034,0.4885185251,0.0387044123,0,0,1500,1701,40.0484822895,-88.2328282105,40.0484855,-88.2328265,-0.6864655018,-0.2941994965,-6.8646550179,0.1947787419,-0.0361283144,-0.0020943951,0,0,0,0,0,205212,0.0,0.403216958,0.4949663877,0.5262351036,90,45,45,0,0,0,42.7559967041,16.6000003815,0,2,10,1,104,1401
159,1527886358101,1126101, RC,0,40.0483048792,-88.2326839842,0,11.975201369,22.0912414601,25.1282390366,12.2284426654,19.7153942295,0.5150151849,0.1308996939,12.1379396263,19.7161708034,0.4885185251,0.0387044123,0,0,1500,1701,40.048482184,-88.2328292892,40.0484855,-88.2328265,2.3535959721,0.3922660053,-11.0815143585,0.1308996939,-0.1692969341,-0.0041887901,0,0,0,0,0,205213,0.0,0.403216958,0.5225564837,0.507473886,90,45,45,0,0,0,42.7559967041,16.6000003815,0,2,10,1,125,1409
160,1527886358301,1126301, RC,0,40.0483048792,-88.2326839842,0,12.1576185874,22.1052640971,25.2279684184,12.3461903838,19.718285298,0.5031514168,0.0563741352,12.3203568447,19.7301934404,0.4920947151,0.0534901857,0,0,1500,1701,40.04848221,-88.2328306723,40.0484855,-88.2328265,-2.3535959721,1.0787315369,-8.1395196915,-0.059515729,-0.0181514236,0.1298524973,0,0,0,0,0,205213,0.0,0.403216958,0.4953342378,0.5109686255,90,45,45,0,0,0,42.7559967041,16.6000003815,0,2,10,1,157,1414
161,1527886358502,1126502, RC,0,40.0483048792,-88.2326839842,0,12.2509596739,22.1103515042,25.277532644,12.4244839549,19.7233632002,0.4900920987,0.0031415928,12.4136979312,19.7352808475,0.4928324502,0.0597483376,0,0,1500,1701,40.0484822557,-88.2328315912,40.048486,-88.2328323333,0.6864655018,1.7651970387,-10.3950481415,-0.0127409039,-0.2597049947,0.0968657768,0,0,0,0,0,205213,0.0,0.403216958,0.4842981994,0.4958860278,90,45,45,0,0,0,42.7559967041,16.6000003815,0,2,10,1,112,1424
162,1527886358703,1126703, RC,0,40.0483048792,-88.2326839842,0,12.3445394958,22.1109882777,25.3235751421,12.5143491786,19.711743329,0.5094971657,-0.1384046067,12.5072777531,19.735917621,0.4958990818,0.0561873321,0,0,1500,1701,40.0484821512,-88.2328326463,40.048486,-88.2328323333,0.2941994965,1.6671304703,-9.8066501617,0.1192059866,-0.0776671484,-0.1883210256,0,0,0,0,0,205213,0.0,0.403216958,0.5115204453,0.507473886,90,45,45,0,0,0,42.7559967041,16.5,0,2,10,1,116,1430
163,1527886358903,1126903, RC,0,40.0483048792,-88.2326839842,0,12.4375569698,22.1066345589,25.3652540869,12.6093849882,19.7095379628,0.5063702464,0.3342305451,12.6002952271,19.7315639022,0.4962418438,0.0358271794,0,0,1500,1701,40.0484821313,-88.2328337632,40.048486,-88.2328323333,1.0787315369,0.7845320106,-11.571846962,-0.0713839691,0.2202605496,0.1851794276,0,0,0,0,0,205213,0.0,0.403216958,0.5155669451,0.4971735477,90,45,45,0,0,0,42.7559967041,16.5,0,2,10,1,59,1441
164,1527886359104,1127104, RC,0,40.0483048792,-88.2326839842,0,12.5335149712,22.1055495839,25.4114997578,12.7112984088,19.7195825717,0.5020478368,0.1150172004,12.6962532285,19.7304789272,0.4974610518,0.0470941463,0,0,1500,1701,40.0484822217,-88.232834962,40.048486,-88.2328323333,-0.3922660053,0.1961330026,-12.5525121689,-0.0701622356,-0.1436405894,-0.005235988,0,0,0,0,0,205214,0.0,0.403216958,0.5107846856,0.4933109581,90,45,45,0,0,0,42.7559967041,16.5,0,2,10,1,63,1451
165,1527886359310,1127310, RC,0,40.0483048792,-88.2326839842,0,12.6265340216,22.1032937241,25.4555486064,12.7897024367,19.711928654,0.4965298176,0.196873135,12.7892722789,19.7282230674,0.4985546229,0.0455732042,0,0,1500,1701,40.0484821528,-88.2328358823,40.048486,-88.2328323333,0.2941994965,-1.176797986,-5.1975240707,-0.0106465087,0.0989601699,0.017104227,0,0,0,0,0,205214,0.0,0.403216958,0.493678838,0.4993807673,90,45,45,0,0,0,42.7559967041,16.5,0,2,10,1,46,1460
166,1527886359511,1127511, RC,0,40.0483048792,-88.2326839842,0,12.7201744527,22.1034333886,25.502247071,12.8873534133,19.7225107047,0.5129919052,-0.1223475846,12.88291271,19.7283627319,0.4990054467,0.0501918072,0,0,1500,1701,40.048482248,-88.2328370297,40.0484851667,-88.2328355,2.0593965054,0.0980665013,-14.8080415726,0.1893682305,0.2851868024,0.1267109077,0,0,0,0,0,205214,0.0,0.403216958,0.5120722055,0.5139115453,90,45,45,0,0,0,41.6790008545,16.5,0,2,10,1,39,1469
167,1527886359711,1127711, RC,0,40.0483048792,-88.2326839842,0,12.8165448158,22.0998985796,25.547393962,12.9941530478,19.7069804799,0.5022317171,-0.0319395261,12.9792830731,19.7248279229,0.5000745252,0.0322549832,0,0,1500,1713,40.0484821083,-88.232838284,40.0484851667,-88.2328355,-1.0787315369,-0.0980665013,-12.9447784424,0.0680678425,0.0904080523,-0.1415461963,0,0,0,0,0,205214,0.0,0.4279040098,0.4995647073,0.5048987865,90,45,45,0,0,0,42.7559967041,16.6000003815,0,2,10,1,122,1478
168,1527886359912,1127912, RC,0,40.0483048792,-88.2326839842,0,12.9114620903,22.0964815535,25.5921931525,13.0829288724,19.7123363692,0.5070140362,0.1480039126,13.0742003476,19.7214108968,0.4998381481,0.0205449032,0,0,1500,1713,40.0484821565,-88.2328393282,40.0484851667,-88.2328355,-0.2941994965,-0.588398993,-7.1588544846,0.0584685283,0.2043780561,0.1085594758,0,0,0,0,0,205214,0.0,0.4279040098,0.4979093075,0.5161187649,90,45,45,0,0,0,42.7559967041,16.6000003815,0,2,10,1,43,1486
169,1527886360113,1128113, RC,0,40.0483048792,-88.2326839842,0,13.0090794119,22.0935665072,25.6390683947,13.1786028742,19.7127811488,0.5204412341,0.1692969341,13.1718176692,19.7184958505,0.501016974,0.0210356268,0,0,1500,1713,40.0484821605,-88.2328404527,40.0484851667,-88.2328355,1.8632634878,-4.1187930107,-11.6699142456,-0.1213003797,0.1574287065,0.1244419777,0,0,0,0,0,205215,0.0,0.4279040098,0.5212689638,0.5196135044,90,45,45,0,0,0,42.7559967041,16.6000003815,0,2,10,1,72,1495
170,1527886360314,1128314, RC,0,40.0483048792,-88.2326839842,0,13.1073074575,22.0899821128,25.6859654,13.2719807926,19.7046824515,0.509589076,0.1150172004,13.2700457148,19.7149114561,0.5045809749,0.0222636856,0,0,1500,1713,40.0484820877,-88.2328415497,40.0484851667,-88.2328355,0.588398993,-0.490332514,-9.8066501617,0.1734857203,-0.1298524973,-0.0340339212,0,0,0,0,0,205215,0.0,0.4279040098,0.5122561455,0.5069220662,90,45,45,0,0,0,42.7559967041,16.6000003815,0,2,10,1,44,1504
171,1527886360514,1128514, RC,0,40.0483048792,-88.2326839842,0,13.2031678534,22.0875928243,25.7329632599,13.3620413266,19.6996045508,0.5190617442,0.0010471975,13.3659061107,19.7125221676,0.5078043495,0.0230947069,0,0,1500,1726,40.048482042,-88.2328426077,40.0484863333,-88.2328413333,-0.7845320106,-0.588398993,-15.6906404495,0.1031489561,-0.4640830508,-0.0617846549,0,0,0,0,0,205215,0.0,0.4525909424,0.5288102627,0.5093132257,90,45,45,0,0,0,42.7559967041,16.6000003815,0,2,10,1,37,1513
172,1527886360722,1128722, RC,0,40.0483048792,-88.2326839842,0,13.3007198352,22.0844658739,25.7804728635,13.47173509,19.6936370894,0.5369952917,-0.168075209,13.4634580925,19.7093952172,0.5104356135,0.0163745807,0,0,1482,1726,40.0484819883,-88.2328438963,40.0484863333,-88.2328413333,0.9806650281,-0.6864655018,-9.5124511719,0.0511381482,-0.0457276244,-0.1989675281,0,0,0,0,0,205215,-0.0342450142,0.4525909424,0.5269708633,0.5470196605,90,45,45,0,0,0,42.7559967041,16.6000003815,0,2,10,1,47,1522
173,1527886360923,1128923, RC,0,40.0483048792,-88.2326839842,0,13.3962292216,22.0820601967,25.8278210442,13.5678452094,19.7007720965,0.5429731011,-0.0436332313,13.5589674789,19.70698954,0.5126098647,0.0016076743,0,0,1465,1726,40.0484820525,-88.2328450257,40.0484863333,-88.2328413333,0.0980665013,-0.3922660053,-8.3356523514,0.1267109077,0.2576106016,0.1574287065,0,0,0,0,0,205215,-0.0684900284,0.4525909424,0.4879768789,0.5979693532,90,45,45,0,0,0,42.7559967041,16.6000003815,0,2,10,1,61,1531
174,1527886361124,1129124, RC,0,40.0483048792,-88.2326839842,0,13.4922573569,22.0784441593,25.8746730429,13.6606214594,19.6934702962,0.5397542715,0.0158824967,13.6549956142,19.7033735026,0.514490388,-0.0045908565,0,0,1500,1726,40.0484819868,-88.2328461158,40.0484863333,-88.2328413333,-0.1961330026,-1.8632634878,-11.1795806885,0.0415388382,0.0308923274,-0.0638790521,0,0,0,0,0,205216,0.0,0.4525909424,0.4800677299,0.5994408727,90,45,45,0,0,0,42.7559967041,16.6000003815,0,2,10,1,60,1540
175,1527886361325,1129325, RC,0,40.0483048792,-88.2326839842,0,13.5919387732,22.0718140664,25.9211453412,13.773548438,19.6821469462,0.5622861981,-0.1713913272,13.7546770305,19.6967434097,0.5170036452,-0.012002797,0,0,1500,1726,40.048481885,-88.2328474425,40.0484863333,-88.2328413333,0.0,0.0980665013,-9.5124511719,0.1127482703,-0.3288200337,0.0808087464,0,0,0,0,0,205216,0.0,0.4525909424,0.5194295645,0.6051428318,90,45,45,0,0,0,42.7559967041,16.6000003815,0,2,10,1,76,1548
176,1527886361525,1129525, RC,0,40.0483048792,-88.2326839842,0,13.6959287871,22.0649179158,25.969964728,13.8779565555,19.6780512661,0.5369952917,-0.1904154187,13.8586670444,19.6898472591,0.5199340093,-0.0275692402,0,0,1584,1726,40.0484818482,-88.232848669,40.0484873333,-88.2328468333,-0.3922660053,-0.2941994965,-2.0593965054,0.1776745232,-0.1586504317,-0.1511455106,0,0,0,0,0,205216,0.168372035,0.4525909424,0.5243958235,0.5495947599,90,45,45,0,0,0,42.7559967041,16.6000003815,0,2,10,1,79,1557
177,1527886361726,1129726, RC,0,40.0483048792,-88.2326839842,0,13.7982207039,22.0532585131,26.0141712464,13.9750079587,19.6513459519,0.5446285605,-0.0244346091,13.9609589612,19.6781878564,0.5222419663,-0.044986213,0,0,1500,1726,40.048481608,-88.2328498087,40.0484873333,-88.2328468333,-0.0980665013,-1.0787315369,-7.6491866112,-0.0075049159,0.0202458187,0.2223549427,0,0,0,0,0,205216,0.0,0.4525909424,0.6391706467,0.4500864744,90,45,45,0,0,0,42.7559967041,16.3999996185,0,2,10,1,73,1566
178,1527886361927,1129927, RC,0,40.0483048792,-88.2326839842,0,13.9005737044,22.0400464114,26.0574287897,14.0766160196,19.6437291001,0.5186018944,-0.1340412836,14.0633119617,19.6649757547,0.5227630418,-0.0562166519,0,0,1500,1726,40.0484815395,-88.2328510013,40.0484873333,-88.2328468333,0.0980665013,2.4516625404,-10.6892490387,-0.0394444409,-0.1947787419,-0.3352777333,0,0,0,0,0,205216,0.0,0.4525909424,0.5444446206,0.4927591681,90,45,45,0,0,0,42.7559967041,16.3999996185,0,2,10,1,85,1575
179,1527886362131,1130131, RC,0,40.0483048792,-88.2326839842,0,13.9974180155,22.0239955933,26.0956719207,14.150934262,19.6247888968,0.5005763769,0.1457349992,14.1601562728,19.6489249366,0.5223283014,-0.0752197376,0,0,1542,1726,40.0484813692,-88.2328518735,40.0484873333,-88.2328468333,-0.0980665013,0.3922660053,-13.5331773758,0.1734857203,0.4225441959,0.1872738207,0,0,0,0,0,205217,0.0856130123,0.4525909424,0.5076578259,0.4934948981,90,45,45,0,0,0,42.7559967041,16.3999996185,0,2,10,1,86,1584
180,1527886362332,1130332, RC,0,40.0483048792,-88.2326839842,0,14.0954487243,22.012132834,26.1383944924,14.250032427,19.6299779937,0.5164866447,-0.0446804279,14.2581869816,19.6370621773,0.5224833469,-0.0754965032,0,0,1500,1726,40.0484814158,-88.2328530357,40.0484873333,-88.2328468333,1.2748644352,2.0593965054,-12.4544448853,0.3001966447,0.2150245585,-0.0383972444,0,0,0,0,0,205217,0.0,0.4525909424,0.5499626398,0.4830106497,90,45,45,0,0,0,42.7559967041,16.3999996185,0,2,10,1,118,1592
181,1527886362532,1130532, RC,0,40.0483048792,-88.2326839842,0,14.1871698913,22.0006260489,26.1782989529,14.3274944205,19.6226205958,0.5019558668,0.0914552488,14.3499081486,19.6255553922,0.5207092528,-0.0841981062,0,0,1500,1726,40.0484813497,-88.2328539457,40.0484876667,-88.2328513333,-0.0980665013,3.5303940773,-14.4157762527,-0.0734783622,-0.0137881015,-0.170344139,0,0,0,0,0,205217,0.0,0.4525909424,0.5247637033,0.4791480303,90,45,45,0,0,0,42.7559967041,16.3999996185,0,2,10,1,93,1601
182,1527886362733,1130733, RC,0,40.0483048792,-88.2326839842,0,14.2780779683,21.9923044188,26.2206972469,14.4192373022,19.622083154,0.5043470263,0.3947934914,14.4408162256,19.6172337621,0.5207314848,-0.0822154036,0,0,1500,1726,40.0484813448,-88.2328550223,40.0484876667,-88.2328513333,1.8632634878,3.7265269756,-17.3577709198,0.1947787419,-0.4171336846,0.0137881015,0,0,0,0,0,205217,0.0,0.4525909424,0.5188778043,0.4898162186,90,45,45,0,0,0,43.2939987183,16.3999996185,0,2,10,1,171,1610
183,1527886362934,1130934, RC,0,40.0483048792,-88.2326839842,0,14.3756185657,21.9870308284,26.269524811,14.5386799446,19.6279023548,0.5245797634,-0.0064577183,14.538356823,19.6119601717,0.5216935897,-0.0633816774,0,0,1500,1726,40.0484813972,-88.2328564258,40.0484876667,-88.2328513333,1.0787315369,-0.1961330026,-11.571846962,0.1340412836,-0.3129375402,-0.0223402139,0,0,0,0,0,205217,0.0,0.4525909424,0.5359836221,0.5131758451,90,45,45,0,0,0,42.7559967041,16.3999996185,0,2,10,1,105,1618
184,1527886363134,1131134, RC,0,40.0483048792,-88.2326839842,0,14.4693917547,21.9837963628,26.3182560264,14.6212814194,19.6233062974,0.5427892208,0.005235988,14.632130012,19.6087257061,0.5237795122,-0.061887641,0,0,1500,1726,40.0484813558,-88.2328573985,40.0484876667,-88.2328513333,-0.9806650281,-0.8825985193,-7.0607881546,-0.2160717634,-0.2319542569,-0.3693116671,0,0,0,0,0,205218,0.0,0.4525909424,0.5221886039,0.5633898377,90,45,45,0,0,0,42.7559967041,16.3999996185,0,2,10,1,130,1627
185,1527886363335,1131335, RC,0,40.0483048792,-88.2326839842,0,14.5675879976,21.9846893936,26.3731148672,14.738634411,19.6342404662,0.5239359736,0.1064650827,14.7303262549,19.6096187369,0.5246600885,-0.0548386798,0,0,1465,1726,40.0484814542,-88.2328587773,40.0484876667,-88.2328513333,-0.588398993,1.4709975719,-10.6892490387,0.0745255587,0.3490658504,0.2277654707,0,0,0,0,0,205218,-0.0684890151,0.4525909424,0.5530894995,0.4947824478,90,45,45,0,0,0,42.7559967041,16.3999996185,0,2,10,1,148,1635
186,1527886363536,1131536, RC,0,40.0483048792,-88.2326839842,0,14.6647049301,21.9848697402,26.4270329053,14.8328045362,19.6263456258,0.5374551415,0.0766199518,14.8274431874,19.6097990835,0.5253408581,-0.0441710706,0,0,1500,1726,40.0484813832,-88.2328598843,40.0484866667,-88.2328566667,0.8825985193,1.6671304703,-13.2389774323,-0.2160717634,-0.4937536614,-0.0797615498,0,0,0,0,0,205218,0.0,0.4525909424,0.5071060061,0.5678042769,90,45,45,0,0,0,42.7559967041,16.3999996185,0,2,10,1,155,1644
187,1527886363737,1131737, RC,0,40.0483048792,-88.2326839842,0,14.7578548174,21.9914401182,26.484291897,14.9165878546,19.6516054065,0.5244877338,0.1171115935,14.9205930747,19.6163694615,0.5272372651,-0.0291554683,0,0,1500,1726,40.0484816103,-88.2328608695,40.0484866667,-88.2328566667,-1.4709975719,-0.1961330026,-16.2790393829,0.0,0.3022910211,-0.1862266325,0,0,0,0,0,205218,0.0,0.4525909424,0.5087614059,0.5402141213,90,45,45,0,0,0,42.7559967041,16.3999996185,0,2,10,1,117,1652
188,1527886363937,1131937, RC,0,40.0483048792,-88.2326839842,0,14.8545103243,21.9962452367,26.5422546421,15.0241306816,19.6401893936,0.5240279436,0.2905973138,15.0172485816,19.62117458,0.5261355642,-0.0138504826,0,0,1500,1726,40.0484815077,-88.2328621338,40.0484866667,-88.2328566667,0.9806650281,0.7845320106,-10.1008491516,-0.1872738207,-0.086219266,0.4108505219,0,0,0,0,0,205218,0.0,0.4525909424,0.5140954852,0.533960402,90,45,45,0,0,0,41.6790008545,16.3999996185,0,2,10,1,145,1661
189,1527886364138,1132138, RC,0,40.0483048792,-88.2326839842,0,14.9520240794,22.0000989203,26.6001386571,15.1248381632,19.6260305735,0.5082095861,-0.0979129734,15.1147623367,19.6250282636,0.5241542969,0.0103271918,0,0,1547,1738,40.0484813803,-88.2328633175,40.0484866667,-88.2328566667,-0.1961330026,0.0980665013,-10.1989154816,-0.1373574101,-0.2181661565,-0.3576179597,0,0,0,0,0,205219,0.0941740274,0.4772770405,0.5137276053,0.5026915669,90,45,45,0,0,0,42.7559967041,16.3999996185,0,2,10,1,100,1672
190,1527886364343,1132343, RC,0,40.0483048792,-88.2326839842,0,15.0483286162,22.0055692666,26.6589060707,15.2189747563,19.6314976575,0.5335925221,0.1809906414,15.2110668735,19.6304986099,0.5235647127,0.0151586876,0,0,1547,1738,40.0484814295,-88.2328644235,40.0484866667,-88.2328566667,1.3729310036,-0.2941994965,-14.0235090256,0.297927698,-0.7513642297,-0.239459178,0,0,0,0,0,205219,0.0941740274,0.4772770405,0.5957621932,0.4714228213,90,45,45,0,0,0,42.7559967041,16.3999996185,0,2,10,1,75,1683
191,1527886364544,1132544, RC,0,40.0483048792,-88.2326839842,0,15.1467449111,22.0120359052,26.7199102935,15.3182331179,19.6389662495,0.5333166122,-0.0820304715,15.3094831684,19.6369652485,0.5223587609,0.0329698924,0,0,1500,1738,40.0484814967,-88.2328655895,40.0484861667,-88.2328621667,-3.2361946106,2.5497288704,-13.5331773758,-0.0787143533,-0.005235988,-0.0064577183,0,0,0,0,0,205219,0.0,0.4772770405,0.6196736097,0.446959585,90,45,45,0,0,0,42.7559967041,16.3999996185,0,2,10,1,112,1691
192,1527886364745,1132745, RC,0,40.0483048792,-88.2326839842,0,15.2396814169,22.0121790787,26.7728204992,15.3854243397,19.6122053382,0.5732302666,0.1213003797,15.4024196742,19.637108422,0.5226917152,0.0282499039,0,0,1500,1738,40.048481256,-88.2328663782,40.0484861667,-88.2328621667,1.2748644352,-2.1574630737,-11.2776470184,0.0287979322,-0.0085521135,0.2459168943,0,0,0,0,0,205219,0.0,0.4772770405,0.6082696915,0.5381909013,90,45,45,0,0,0,42.7559967041,16.3999996185,0,2,10,1,100,1700
193,1527886364945,1132945, RC,0,40.0483048792,-88.2326839842,0,15.3353914266,22.0143027938,26.8291587215,15.4903001293,19.6330173214,0.5856458545,0.297927698,15.4981296839,19.6392321371,0.5257067365,0.0349505254,0,0,1444,1738,40.0484814432,-88.2328676105,40.0484861667,-88.2328621667,1.6671304703,0.7845320106,-9.5124511719,0.2043780561,0.0415388382,-0.2288126589,0,0,0,0,0,205219,-0.1112959981,0.4772770405,0.6137877703,0.5575039387,90,45,45,0,0,0,42.7559967041,16.3999996185,0,2,10,1,124,1709
194,1527886365146,1133146, RC,0,40.0483048792,-88.2326839842,0,15.438145712,22.0202211885,26.892870509,15.612916531,19.6507343791,0.5528136492,0.3682644788,15.6008839693,19.6451505318,0.5301114811,0.0518676475,0,0,1435,1738,40.0484816025,-88.2328690507,40.0484861667,-88.2328621667,-0.2941994965,1.5690640211,-9.2182512283,0.1223475846,0.0937241788,0.2937389118,0,0,0,0,0,205220,-0.128418982,0.4772770405,0.5479393601,0.5576878786,90,45,45,0,0,0,42.7559967041,16.3999996185,0,2,10,1,125,1717
195,1527886365347,1133347, RC,0,40.0483048792,-88.2326839842,0,15.5436765612,22.0253947551,26.9578169583,15.7325275825,19.6527173559,0.5651371479,0.0075049159,15.7064148185,19.6503240984,0.5336396305,0.0671766252,0,0,1500,1738,40.0484816203,-88.2328704547,40.0484861667,-88.2328621667,0.1961330026,-0.0980665013,-13.0428447723,0.1308996939,-0.1521927154,0.0350811178,0,0,0,0,0,205220,0.0,0.4772770405,0.4793319702,0.6509423852,90,45,45,0,0,0,42.7559967041,16.3999996185,0,2,10,1,174,1725
196,1527886365548,1133548, RC,0,40.0483048792,-88.2326839842,0,15.649269265,22.0284188867,27.0213039503,15.8311955056,19.6447113214,0.5822430849,0.1096066807,15.8120075223,19.65334823,0.5384288709,0.0605334642,0,0,1500,1738,40.0484815483,-88.2328716123,40.0484863333,-88.2328693333,1.0787315369,1.6671304703,-13.2389774323,0.1659808159,-0.439473911,-0.0181514236,0,0,0,0,0,205220,0.0,0.4772770405,0.577000916,0.5874851942,90,45,45,0,0,0,42.7559967041,16.3999996185,0,2,10,1,171,1734
197,1527886365748,1133748, RC,0,40.0483048792,-88.2326839842,0,15.7531032896,22.0351462446,27.0870436422,15.933478574,19.6677657352,0.5956702232,-0.0436332313,15.9158415469,19.6600755879,0.5440864221,0.0650826984,0,0,1500,1738,40.0484817557,-88.2328728147,40.0484863333,-88.2328693333,0.490332514,0.3922660053,-17.7500362396,-0.4225441959,-0.1755801301,-0.3768165882,0,0,0,0,0,205220,0.0,0.4772770405,0.5974176526,0.5939228535,90,45,45,0,0,0,42.7559967041,16.3999996185,0,2,10,1,144,1742
198,1527886365952,1133952, RC,0,40.0483048792,-88.2326839842,0,15.8579860755,22.0454060976,27.1565029483,16.0436778091,19.6877066924,0.5752536058,-0.4256857939,16.0207243328,19.6703354409,0.550261921,0.0664793034,0,0,1500,1738,40.048481935,-88.2328741088,40.0484863333,-88.2328693333,0.0,1.176797986,-3.3342609406,0.136135685,-0.0436332313,0.2724458902,0,0,0,0,0,205220,0.0,0.4772770405,0.5869333744,0.5635737777,90,45,45,0,0,0,42.7559967041,16.3999996185,0,2,10,1,125,1751
199,1527886366152,1134152, RC,0,40.0483048792,-88.2326839842,0,15.9669849454,22.053315706,27.226702736,16.1543890376,19.6850936118,0.5876691341,0.0649262487,16.1297232027,19.6782450493,0.5540955018,0.0478908408,0,0,1500,1738,40.0484819115,-88.2328754093,40.0484863333,-88.2328693333,-0.490332514,-1.2748644352,-10.3950481415,0.0265290043,-0.1223475846,0.2117084403,0,0,0,0,0,205221,0.0,0.4772770405,0.6049588919,0.5703793168,90,45,45,0,0,0,42.7559967041,16.3999996185,0,2,10,1,91,1759
200,1527886366353,1134353, RC,0,40.0483048792,-88.2326839842,0,16.0770335209,22.0681485666,27.3033731981,16.2687122761,19.7287932177,0.5969578028,0.0085521135,16.2397717782,19.6930779099,0.5570384213,0.0570668322,0,0,1430,1738,40.0484823045,-88.2328767542,40.0484863333,-88.2328693333,0.3922660053,-1.176797986,-12.3563785553,-0.0127409039,-0.0361283144,-0.1563815016,0,0,0,0,0,205221,-0.1398329735,0.4772770405,0.5996248126,0.5942907333,90,45,45,0,0,0,42.7559967041,16.3999996185,0,2,10,1,50,1768
201,1527886366554,1134554, RC,0,40.0483048792,-88.2326839842,0,16.1898168868,22.0876223636,27.3856391656,16.3765555609,19.7513657881,0.5256833434,0.2649409858,16.3525551441,19.7125517069,0.5596244849,0.0731527181,0,0,1500,1738,40.0484825075,-88.2328780203,40.0484851667,-88.2328765,2.2555296421,1.3729310036,-10.3950481415,-0.1553342968,-0.1160643969,0.4427900459,0,0,0,0,0,205221,0.0,0.4772770405,0.4852178693,0.5661488175,90,45,45,0,0,0,42.2180023193,16.5,0,2,10,1,50,1777
202,1527886366754,1134754, RC,0,40.0483048792,-88.2326839842,0,16.3043177346,22.1069649319,27.4690494064,16.4909896632,19.7634304382,0.5438928008,0.3288200337,16.4670559919,19.7318942752,0.5592854449,0.0991095173,0,0,1500,1738,40.048482616,-88.232879363,40.0484851667,-88.2328765,-0.6864655018,-0.3922660053,-8.1395196915,0.3075270288,-0.8513715878,-0.0415388382,0,0,0,0,0,205221,0.0,0.4772770405,0.5192456841,0.5685399175,90,45,45,0,0,0,42.7559967041,16.5,0,2,10,1,39,1786
203,1527886366955,1134955, RC,0,40.0483048792,-88.2326839842,0,16.4083583546,22.1279920943,27.5478176634,16.5589157998,19.765524609,0.5568601489,-0.2352703752,16.5710966119,19.7529214376,0.559936906,0.1374253175,0,0,1500,1500,40.0484826348,-88.2328801573,40.0484851667,-88.2328765,0.0980665013,-0.8825985193,-9.7085838318,0.0020943951,0.0830776764,0.1127482703,0,0,0,0,0,205221,0.0,0.0,0.5571360588,0.556584239,90,45,45,0,0,0,43.2939987183,16.5,0,2,10,1,104,1794
204,1527886367156,1135156, RC,0,40.0483048792,-88.2326839842,0,16.5148429906,22.1498178254,27.6288702031,16.6724743487,19.7857806178,0.2567718625,0.0383972444,16.6775812479,19.7747471687,0.55303297,0.1335290269,0,0,1500,1358,40.048482817,-88.232881484,40.0484851667,-88.2328765,-2.0593965054,-0.8825985193,-7.7472538948,-0.1127482703,0.5448917805,-0.3714060768,0,0,0,0,0,205222,0.0,-0.2838979959,0.2361712456,0.2773724794,90,45,45,0,0,0,42.7559967041,16.5,0,2,10,1,85,1803
